2842 4778
503 231 551 286 DE
572 230 745 286 ORATORE
765 231 871 301 111s1,
891 247 1001 288 macco.
1271 233 1338 298 509

218 448 219 451 ,
252 393 300 458 Tu
323 416 414 472 vero,
437 393 544 478 inquit
567 393 742 478 CATULUS,
765 395 927 479 collegisti
952 396 1069 477 omnia,
1093 400 1250 479 quantum
1274 418 1334 481 ego

159 504 295 567 possum
324 483 481 560 iudicare,
508 484 556 546 ita
583 482 751 566 divinitus,
778 487 816 548 ut
842 506 909 548 non
938 507 956 547 a
985 482 1118 548 Graecis
1148 483 1336 568 sumpsisse,

162 572 218 635 sed
248 593 302 635 eos
331 572 420 655 ipsos
446 571 526 636 haec
554 571 668 636 docere
695 594 792 656 posse
820 571 959 636 videare.
1004 572 1058 636 Me
1088 573 1217 657 quidem
1240 574 1335 639 istius

131 665 319 724 asermonis
346 660 536 743 participem
560 659 684 725 factum
708 682 777 724 esse
801 661 940 745 gaudem
970 682 1007 724 ac
1030 662 1161 745 vellem,
1184 665 1221 726 ut
1244 683 1335 728 meus

132 769 274 833 egenen,
302 749 422 814 sodalis
445 753 533 826 tuus,
561 748 769 832 Hortensius,
797 748 969 831 adfuisset3
999 771 1094 832 quem
1118 751 1248 835 quidem
1268 771 1335 834 ⁸ego

160 837 285 902 confido
310 837 459 901 omnibus
483 838 556 901 istis
579 837 739 922 laudibus,
762 860 843 921 quas
862 841 899 901 tu
919 839 1065 903 oratione
1084 840 1271 923 complexus
1291 861 1336 924 es,

161 926 373 990 excellentem
395 925 473 990 fore.

250 1013 294 1078 Et
313 1011 477 1079 Gulosus:
501 1014 585 1078 Fore
605 1014 706 1078 dicis?
728 1014 847 1097 inquit3
868 1035 928 1098 ego
948 1036 1024 1080 vcro
1044 1036 1113 1079 esse
1132 1016 1199 1079 iam
1217 1016 1323 1082 iudico
1334 1033 1387 1082 229

132 1106 195 1171 eet
223 1106 293 1167 tum
320 1103 473 1186 iudicavi,
500 1125 574 1168 cum
601 1125 653 1166 me
681 1104 813 1168 consule
842 1104 876 1167 in
899 1106 1013 1167 senatu
1037 1125 1168 1168 causam
1192 1104 1335 1169 defendit

158 1189 290 1256 Africae
312 1213 479 1276 nuperque
505 1193 604 1256 etiam
627 1193 742 1276 magis,
765 1212 839 1256 cum
862 1213 921 1274 pro
945 1190 1123 1275 Bithyniae
1146 1214 1223 1278 rege
1242 1193 1332 1257 dixit.

158 1278 383 1356 Quamobrem¹
405 1284 491 1345 recte
519 1280 621 1363 vides,
650 1279 773 1358 Catule.
817 1278 911 1345 Nihil
940 1282 1026 1345 enim
1055 1281 1110 1345 isti
1135 1281 1334 1346 adulescenti

158 1390 261 1452 neque
290 1391 309 1433 a
337 1372 455 1433 natura
483 1390 587 1454 neque
611 1390 630 1432 a
653 1369 802 1433 doctrina
825 1368 935 1433 deesse
960 1369 1073 1435 sentio.
1121 1369 1192 1446 Quo
1216 1370 1323 1455 magis
1333 1386 1387 1436 230

158 1461 208 1521 est
237 1457 312 1540 tibi,
346 1455 457 1542 Cotta,
489 1462 522 1522 et
544 1457 620 1543 tibi,
649 1454 785 1540 Sulpici,
815 1458 1017 1543 vigilandum
1045 1480 1082 1524 ac
1109 1459 1331 1525 laborandum.

117 1570 146 1608 14
159 1544 235 1611 Non
259 1549 344 1610 enim
368 1547 424 1610 ille
448 1546 617 1611 mediocris
638 1551 749 1611 orator
768 1550 894 1611 vestrae
914 1547 1008 1630 quasi
1028 1548 1333 1632 succrescit'aetati,

116 1657 144 1697 15
158 1634 213 1699 sed
243 1638 275 1698 et
303 1635 435 1720 ingenio
463 1637 587 1720 peracri
615 1639 648 1699 et
675 1634 783 1699 studio
807 1634 961 1719 flagranti
985 1639 1018 1700 et
1041 1636 1190 1701 doctrina
1213 1637 1333 1700 eximia

156 1727 189 1788 et
207 1725 365 1789 memoria
384 1725 550 1809 singulari.
588 1722 648 1790 Oui
663 1745 862 1808 quamquam
877 1724 981 1808 faveo,
999 1729 1110 1789 tamen
1124 1724 1217 1788 illum
1232 1725 1333 1790 aetati

157 1834 234 1877 suae
261 1816 428 1896 praestare
456 1814 565 1899 cupio,
593 1814 686 1878 vobis
714 1835 790 1879 vero
819 1814 914 1877 illum
943 1817 1034 1878 tanto
1058 1814 1216 1879 minorem
1239 1834 1333 1896 prac-

116 1922 284 1965 sucurrere
313 1903 367 1965 vix
389 1901 562 1966 honestum
586 1905 645 1966 est.
691 1899 753 1966 Sed
776 1902 842 1967 iam
867 1924 1048 1988 surgamus,
1071 1903 1187 1985 inquit,
1209 1923 1333 1985 nosque

155 2010 305 2053 curemus
330 1994 362 2054 et
386 1991 559 2073 aliquando
584 1991 625 2054 ab
648 1991 710 2055 hac
735 1993 941 2057 contentione
960 1991 1189 2076 disputationis
1205 1991 1332 2056 animos

113 2102 142 2141 eo
156 2080 288 2142 nostros
312 2099 452 2161 curaque
474 2079 630 2144 laxemus.

154 2269 281 2339 stellung
308 2269 403 2325 hinter
430 2270 526 2325 seinen
554 2271 716 2327 Wflnschen
805 2270 1332 2327 oestraasuccrescitaetatibildeteinen

155 2341 409 2410 aurdckgeblieben
428 2343 469 2397 sei
490 2345 556 2410 (non
570 2346 603 2397 ut
616 2344 715 2412 volui),
769 2343 947 2398 Nachwuchs
960 2340 1006 2394 fur
1019 2358 1085 2396 eure
1099 2341 1280 2409 Generation,
1300 2357 1331 2396 so

154 2413 216 2465 hier
234 2429 279 2466 am
294 2411 423 2468 Schlusse
441 2413 515 2468 noch
534 2415 638 2469 einmal
652 2414 716 2469 sehr
769 2413 894 2467 nachher
916 2413 1003 2467 aetati
1024 2428 1104 2479 suae,
1129 2412 1220 2466 seiner
1238 2412 1333 2466 Gene-

154 2482 715 2549 passendanfdieunerreiohbareGrdsss
769 2485 871 2538 ration.

155 2551 205 2604 des
219 2551 415 2620 Gegenstands
429 2571 456 2607 n.
471 2554 517 2607 die
526 2554 716 2622 Unerschopf-
807 2558 848 2608 15.
867 2554 988 2627 inpendo,
1006 2554 1059 2608 etc.
1080 2570 1110 2609 so
1125 2551 1182 2609 dull
1196 2553 1256 2609 sich
1271 2553 1332 2608 also

154 2619 275 2675 lichlieit
303 2623 351 2676 des
381 2623 569 2677 behandelten
595 2623 716 2678 Themas
770 2624 816 2677 bei
826 2624 886 2677 ihm
896 2623 943 2678 die
953 2624 1115 2678 bekannten
1124 2625 1184 2680 drei
1192 2623 1333 2680 Faktoren

154 2691 212 2746 hin.
772 2693 855 2760 (Einl.
869 2696 882 2748 I
897 2699 912 2760 ὅ
928 2700 953 2762 8,
972 2698 1010 2765 aa)
1024 2697 1081 2750 und
1096 2713 1170 2751 zwar
1183 2697 1213 2750 in
1227 2697 1333 2752 hohem

190 2769 216 2817 4.
235 2765 326 2819 vellem
344 2770 388 2832 at,
411 2763 578 2832 einigemale
596 2764 642 2818 bei
661 2762 716 2819 Cic.
771 2765 863 2819 Graue
886 2765 1163 2834 zusammenfanden‚
1185 2767 1243 2820 und
1261 2768 1334 2820 dazu

152 2853 175 2888 a.
200 2836 230 2888 Β.
254 2852 282 2904 p.
308 2834 387 2889 Sulla
412 2841 426 2890 1
457 2836 577 2889 maxime
605 2835 717 2905 vellem,
770 2836 844 2889 noch
858 2836 904 2891 die
918 2835 1055 2891 memoria
1069 2837 1332 2907 singularis3s.ind.

153 2905 269 2973 iudices,
284 2908 316 2960 ut
329 2907 359 2960 P.
376 2907 455 2962 Sulla
469 2906 595 2962 obtinere
609 2907 715 2976 potuis·
770 2907 943 2961 Hortensius.

152 2977 210 3044 set,
234 2977 292 3032 Att.
316 2976 329 3030 I
350 2984 396 3046 16,
415 2993 430 3031 a
453 2977 583 3046 equidem
600 2978 716 3032 mallem
807 2983 848 3033 18.
858 2994 960 3047 nosque
968 2991 1101 3046 curemus,
1110 2977 1333 3046 euphemistisch

152 3048 185 3100 ut
202 3049 270 3114 ires3
291 3048 337 3104 Or.
357 3065 397 3105 aas
415 3052 447 3104 tn
466 3051 562 3107 autem
580 3049 665 3104 velim
683 3053 716 3105 ut
770 3049 825 3103 fiir.
839 3049 899 3104 ‘aur
916 3047 998 3103 Tafel
1021 3047 1124 3117 gehen,
1149 3067 1201 3103 uns
1223 3049 1332 3103 restau-

152 3120 243 3187 pntes.
768 3120 880 3176 rieren'.
897 3121 994 3175 Horat.
1002 3120 1153 3188 Ep.12,2o;
1163 3119 1219 3173 Sat.
1228 3118 1330 3187 112,eo.

190 3195 214 3243 5.
233 3192 349 3259 sodalis,
366 3207 401 3246 42.
805 3197 847 3249 20.
863 3207 1094 3261 curaque-von
1104 3192 1154 3246 der
1164 3191 1259 3260 Surge,
1274 3190 1331 3246 den

190 3267 214 3314 9.
233 3266 299 3315 tum.
338 3264 378 3316 Zu
395 3265 456 3316 tum
476 3261 514 3317 ist
533 3263 582 3318 das
600 3279 714 3318 vorans·
768 3264 869 3317 trdben
884 3261 1037 3318 Gedanken
1048 3262 1106 3316 und
1119 3261 1331 3331 Besorgnissen,

151 3330 282 3398 gehende
299 3333 357 3386 iam
377 3333 441 3388 dem
456 3332 541 3388 Sinna
555 3334 628 3388 nach
641 3336 715 3389 noch
768 3335 822 3388 mit
840 3335 931 3390 denen
949 3350 1001 3388 uns
1021 3334 1066 3388 die
1081 3331 1267 3388 bedenkliche
1280 3349 1331 3401 po·

151 3401 257 3456 einmal
275 3401 523 3458 hinzuzunehmen.
769 3404 881 3460 litische
904 3404 981 3475 Lago
1004 3406 1053 3461 des
1077 3403 1188 3459 Staatos
1212 3403 1330 3459 erfi'lllen

190 3476 232 3526 14.
251 3473 307 3543 ine,
326 3475 367 3529 ‘in
385 3476 453 3530 oder
472 3474 525 3528 mit
543 3474 624 3530 ihm’.
769 3474 846 3530 muss.

202 4456 253 4499 010.
267 4467 299 4497 nn
313 4467 385 4498 onan.
