2842 4778
112 172 179 237 564
488 163 736 228 ΕΒΚΕᾸΒΕΝΒΕ
754 171 910 229 INDICES.

114 332 246 388 diderunt
264 336 422 403 reposcunt,
441 336 582 390 uteorum
601 334 672 388 ima-
725 332 1287 404 ginesoomparamus;verborumsimili·

114 405 179 474 gine
208 405 400 459 admonentur.
445 407 489 459 lta
517 404 673 473 quamlibet
725 404 837 460 tudines
860 403 1080 472 constituuntur,
1103 421 1166 459 oum
1186 405 1285 460 auius-

114 475 205 530 multa
214 475 279 542 sint,
294 493 412 543 quorum
421 475 581 531 meminisse
591 493 671 546 opor·
726 477 856 544 caiusque
883 476 1002 530 nominis
1027 481 1052 530 ct
1076 476 1201 531 vocabuli
1228 493 1285 532 me·

113 548 183 614 teat,
201 546 273 600 fiunt
291 545 403 616 singula
419 563 490 601 nexa
505 547 591 602 etiam
605 564 672 615 quo·
725 547 815 601 mocio
841 546 898 600 imo
916 548 961 601 iac
990 551 1104 602 mtatar
1130 550 1183 602 eto.
1229 546 1286 603 Die

115 618 180 672 dam
195 615 279 684 corio,
297 635 350 671 neo
365 620 458 672 errant
472 619 672 688 coniungentes
725 617 881 672 Bilderder
911 616 1285 673 ealmnemonikverhielten

113 687 252 812 prioribus
277 687 422 757 sequentia
446 690 506 745 solo
529 689 673 745 ediscendi
726 689 787 742 sich
814 688 873 742 also
906 704 940 742 cu
967 688 1059 744 denen
1090 689 1139 744 der
1165 688 1286 744 Verbal-

125 760 217 814 abore.
252 758 332 825 Quod
352 760 386 814 de
405 760 488 816 domo
508 759 575 829 dixi,
594 761 624 814 et
641 761 671 814 in
725 759 886 815 mnemonik
911 759 968 814 fast
990 759 1042 814 wie
1070 759 1115 814 die
1142 758 1285 830 hierogly-

115 830 245 900 operibus
259 831 380 900 publicis
391 832 420 885 et
433 830 572 887 initinere
585 833 671 900 longo
724 829 861 900 phisohen
889 829 1010 886 Zeiohen
1036 849 1086 885 aur
1118 830 1289 887 hieratisoh·

114 900 272 957 sturbium
295 902 405 957 ambitu
423 905 452 957 et
473 902 591 972 picturis
611 901 672 957 fieri
725 900 930 972 phonetisohen
949 901 1063 956 Schriit.

114 973 216 1042 potest.
246 971 339 1026 Etiam
353 975 457 1043 fingere
473 973 527 1029 sibi
540 975 589 1030 tua
602 973 671 1027 ima·
760 973 956 1028 Mnesarchus
973 973 1027 1028 Ia
1046 971 1123 1028 einer
1140 973 1190 1028 der
1208 972 1288 1028 zahl·

114 1043 193 1114 gines
220 1043 295 1099 licet.
340 1043 416 1115 Opas
442 1050 480 1100 est
507 1061 569 1114 apo
597 1045 672 1111 locis,
725 1042 965 1099 reichenSohfiler
978 1044 1027 1099 des
1043 1041 1287 1100 StoikersPanae·

114 1132 184 1184 pauc
210 1116 252 1169 oet
278 1115 423 1184 despuetur
449 1117 490 1172 cel
514 1121 672 1181 amuco,
725 1115 783 1170 tius
805 1133 833 1170 u.
853 1114 961 1170 damus
985 1115 1035 1185 (im
1053 1114 1078 1168 J.
1099 1115 1161 1184 109)
1186 1114 1287 1185 Haupt

115 1187 284 1257 imaginibus
297 1187 339 1242 cel
352 1188 516 1254 simulacris,
534 1204 603 1256 quoe
616 1187 672 1241 oti·
726 1186 777 1240 der
808 1184 951 1240 stoisohen
983 1185 1084 1240 Sohnle
1116 1204 1150 1239 au
1181 1185 1290 1254 Athen,

116 1273 166 1326 que
185 1258 314 1328 fingenda
331 1263 404 1313 suat.
431 1257 570 1328 Imagines
589 1259 673 1312 notae
727 1255 1058 1327 enuchieeeneraegner
1071 1257 1121 1311 der
1133 1257 1291 1326 Rhetoren,

116 1329 194 1395 sunt,
227 1327 328 1396 quibus
357 1345 391 1383 ea
421 1346 492 1397 quae
524 1329 674 1384 ediscenda
727 1328 762 1382 de
782 1345 820 1384 or.
839 1327 853 1380 1
870 1343 904 1383 aa.

116 1400 181 1452 sunt
199 1400 341 1467 notamus,
361 1406 401 1467 ut,
420 1400 559 1470 quomodo
578 1400 674 1455 Cicero
763 1398 868 1454 Maeli.
897 1397 959 1453 Von
979 1400 1033 1454 den
1050 1397 1152 1454 beiden
1171 1397 1291 1454 Sbhnen

118 1469 195 1538 dicit,
214 1469 282 1524 loeis
298 1486 350 1539 pro
365 1487 437 1538 uera,
453 1469 609 1527 simulacris
624 1487 674 1541 pro
729 1471 778 1524 des
806 1468 836 1523 P.
860 1468 969 1524 Mucius
996 1469 1143 1538 Scaevola,
1172 1469 1222 1524 der
1249 1469 1292 1525 im

117 1538 220 1595 litteris
235 1544 355 1596 utamur.
381 1543 525 1597 Metrodor
539 1545 619 1598 hatte
632 1559 676 1597 so·
730 1541 754 1596 J.
767 1545 818 1594 175
832 1540 940 1596 Konsul
954 1557 1022 1608 war,
1036 1541 1132 1596 wurde
1146 1540 1196 1594 der
1210 1540 1294 1596 eine

117 1627 169 1682 gar
186 1609 225 1665 im
244 1611 344 1667 Giirtel
363 1614 412 1668 der
429 1613 516 1668 zublf
527 1613 676 1669 Himmels·
730 1611 826 1668 vonP.
839 1612 953 1667 Crassus
966 1612 1109 1681 adoptiert
1123 1612 1181 1666 und
1196 1610 1295 1668 h'ihrte

118 1682 242 1751 zeichen,
258 1684 322 1738 dem
336 1685 485 1753 Zodiakus,
507 1686 531 1739 'e
546 1685 618 1740 droi-
632 1684 676 1739 bis
731 1682 850 1738 seitdem
869 1682 924 1736 den
942 1681 1051 1738 Namen

119 1755 322 1809 sechshundert
349 1755 404 1810 loci
432 1705 613 1827 angelricus.
642 1787 676 1796 —
766 1753 801 1808 P.
815 1752 955 1835 Licinius¹
971 1751 1097 1835 (incessus
1115 1754 1207 1811 Dives
1227 1754 1297 1809 liu·

119 1826 163 1880 hd
181 1825 246 1880 Her.
265 1826 305 1880 III
326 1831 368 1894 16,
384 1826 433 1882 soi.
458 1830 570 1882 constat
588 1827 676 1894 artifi—
730 1824 836 1880 aianns
864 1826 896 1893 (s.
925 1824 1048 1893 Licinii);
1082 1826 1131 1880 der
1163 1826 1295 1882 andere

119 1898 193 1952 cc'osa
210 1897 341 1952 memorio
358 1914 393 1951 ex
412 1899 478 1953 locis
496 1899 526 1953 et
547 1899 677 1967 imagini·
731 1912 789 1950 war
807 1895 832 1963 (Ι
851 1896 918 1964 rro)=

119 1969 182 2022 bus:
201 1968 271 2022 locos
285 1968 461 2036 appellamus
478 1984 533 2035 eos,
553 1969 601 2037 qui
615 1969 677 2023 bre·
767 1967 803 2022 P.
830 1966 948 2022 lluoins
976 1965 1135 2041 Scaevola,
1166 1968 1217 2023 der
1244 1968 1302 2023 auf

118 2037 199 2105 viter,
214 2038 346 2106 perfecte,
365 2037 500 2108 insignite
515 2042 564 2094 aut
577 2042 678 2094 natura
731 2037 858 2093 liberius
872 2036 1019 2093 Gracchus
1036 2037 1112 2094 Seite
1133 2039 1223 2110 stand,
1242 2056 1296 2095 aus

119 2109 169 2163 aut
196 2125 281 2161 manu
309 2112 375 2163 sunt
402 2110 538 2179 absoluti,
570 2112 604 2164 ut
630 2126 678 2166 eos
733 2109 797 2164 dem
824 2109 850 2165 J.
874 2115 938 2177 133,
967 2126 1009 2164 wo
1038 2125 1077 2164 er.
1090 2108 1199 2165 Konsul
1224 2127 1298 2180 war,

119 2177 203 2234 facila
213 2179 336 2235 naturali
349 2181 486 2235 memoria
495 2181 679 2251 eomprehen-
732 2181 858 2236 bekannt
878 2180 914 2248 (ΙΙ
933 2182 991 2249 aas).
1029 2179 1067 2234 Er
1086 2197 1145 2236 war
1162 2181 1296 2237 Pontifex

119 2250 186 2305 dere
196 2251 225 2304 et
238 2249 372 2318 amplecti
386 2268 530 2321 queamus,
545 2256 577 2307 ut
585 2254 679 2320 aedes,
732 2251 884 2317 maximus,
912 2252 969 2305 und
998 2250 1040 2304 bis
1068 2252 1120 2306 auf
1141 2252 1190 2307 ihu
1216 2253 1297 2323 (127)

120 2320 376 2391 intercolumnium,
392 2325 534 2394 angulum,
544 2324 679 2379 fornicem
733 2323 846 2378 reichen
867 2321 912 2376 die
927 2322 1042 2377 annales
1060 2323 1176 2377 maximi
1195 2322 1295 2393 (11⁵2).

120 2395 149 2448 et
167 2391 224 2449 alia
242 2409 314 2462 quae
332 2392 377 2449 his
396 2394 500 2450 similia
514 2399 591 2464 sunt3
611 2397 679 2451 imu-
732 2391 797 2448 Wie
808 2390 1294 2450 alleMucierdurohseineReehts-

119 2466 198 2534 piace
216 2466 283 2519 sunt
299 2464 407 2520 formae
427 2467 564 2534 quaedam
583 2469 612 2522 et
630 2482 679 2521 no·
733 2464 827 2519 kunde
852 2463 1068 2533 ausgezeiohnet
1094 2466 1165 2520 wind
1193 2482 1223 2520 er
1251 2467 1297 2521 als

119 2539 166 2590 tae
195 2537 224 2590 et
252 2535 401 2591 simulacra
426 2537 485 2592 eius
512 2538 567 2605 rei,
596 2555 679 2607 quam
734 2536 810 2590 einer
824 2533 1296 2606 derbedeutendstenjuristisohen

121 2605 281 2662 meminisse
308 2608 449 2677 volumus,
483 2608 559 2678 quod
591 2625 679 2678 genus
735 2606 938 2662 Sohciitsteller
965 2609 1090 2677 genannt
1118 2606 1141 2676 (l
1159 2622 1212 2675 2123
1240 2623 1296 2675 2403

121 2678 194 2746 equi,
213 2678 322 2746 leones,
341 2679 467 2747 aquilae,
487 2697 605 2749 quorum
623 2696 679 2734 me·
734 2681 794 2746 aas).
835 2678 885 2732 Ais
916 2677 1097 2747 geschichten
1129 2679 1204 2734 Ball·
1236 2679 1296 2733 und

120 2750 238 2804 moriam
249 2746 274 2803 si
283 2749 410 2805 volemus
419 2750 532 2821 habere,
543 2752 680 2822 imagines
735 2748 947 2817 Sohaohspielcr
979 2749 1138 2815 (duodecim
1171 2749 1297 2820 scriptis)

122 2837 215 2875 eorum
249 2819 319 2875 locis
347 2822 430 2878 certis
463 2821 601 2878 collocare
627 2838 679 2877 nos
734 2821 831 2875 lernen
853 2821 904 2874 wir
927 2818 977 2874 ihn
1000 2836 1052 2875 aus
1075 2820 1145 2876 Inar
1168 2821 1295 2886 hennen3

122 2892 272 2962 oportebit.
283 2892 395 2949 —Looo'
408 2909 489 2949 cerae
503 2896 554 2948 aut
568 2894 681 2949 chartae
735 2892 793 2946 und
811 2890 927 2947 dieser
944 2890 974 2945 P.
988 2891 1097 2946 Mucius
1115 2891 1154 2946 ist
1171 2908 1201 2946 es
1220 2894 1294 2947 auch

126 2963 263 3018 simillimi
290 2966 367 3032 sunt,
400 2965 538 3034 imagines
570 2965 681 3032 litteris,
736 2963 827 3032 (nieht
849 2961 910 3016 sein
932 2959 1034 3030 Sohn),
1060 2963 1109 3017 der
1131 2961 1227 3018 I1sof.
1252 2979 1296 3018 er-

124 3034 271 3103 dispositio
298 3036 327 3088 et
352 3034 501 3091 oollooatio
526 3036 682 3104 imaginum
736 3032 833 3087 wbhnt
849 3032 928 3085 wird.
956 3030 1013 3085 Der
1030 3033 1295 3089 Vormundsohaits-

123 3107 291 3175 scripturae,
328 3106 521 3174 pronuntiatio
558 3107 681 3161 lectioni.
735 3099 840 3172 proaell
854 3101 949 3156 uurde
964 3104 1045 3157 unter
1059 3104 1123 3159 dem
1136 3104 1295 3160 Presidium

124 3175 242 3244 Oportet
265 3174 364 3243 igitur,
391 3177 415 3229 si
437 3177 566 3230 volumus
592 3176 683 3230 multa
736 3174 786 3228 des
804 3171 904 3226 Prttor
922 3170 960 3227 M.
975 3174 1098 3230 Licinius
1113 3175 1227 3231 Crassus
1246 3193 1295 3245 go-

122 3245 291 3313 meminisse,
306 3245 411 3298 multos
420 3245 497 3300 locos
512 3247 593 3301 nobis
608 3263 683 3301 oom-
736 3244 823 3310 hihrt,
836 3243 1071 3300 wahrsoheinlioh
1089 3247 1119 3300 in
1138 3247 1203 3302 dem
1216 3247 1297 3314 Jahr,

122 3332 234 3386 parare,
258 3315 343 3368 utin
366 3315 464 3370 multis
487 3314 557 3372 locis
580 3318 683 3372 multas
737 3316 766 3369 in
785 3314 921 3369 walchem
940 3314 989 3370 der
1002 3316 1100 3388 Augur
1114 3317 1250 3372 Scaevola
1266 3318 1296 3372 in

123 3386 262 3456 imagines
282 3383 420 3441 collocare
443 3387 583 3456 possimus
602 3418 635 3428 —
655 3388 685 3442 et
737 3385 824 3440 Asien
855 3401 913 3439 war
945 3387 1044 3455 (daher
1077 3388 1193 3444 memini
1224 3388 1297 3444 mihi

123 3460 200 3512 locos
215 3473 285 3525 quos
300 3456 508 3527 sumpserimus,
527 3459 640 3529 egregia
653 3477 684 3515 re
736 3473 849 3513 narrare
882 3456 1015 3528 Mucium)
1047 3459 1086 3512 im
1117 3461 1143 3515 J.
1172 3466 1231 3514 121.
1261 3491 1296 3501 —

125 3529 271 3585 commode
284 3529 391 3598 notare,
410 3533 442 3586 ut
451 3532 587 3600 perpetuo
602 3529 683 3586 nobis
737 3530 844 3585 Dessen
863 3527 940 3583 Sohn
958 3545 1016 3584 war
1033 3549 1104 3585 nnn:

124 3604 239 3656 haerere
276 3599 398 3671 possint;
435 3619 501 3657 nam
536 3602 684 3672 imagines,
774 3599 809 3675 Q.
838 3600 956 3657 Muclus
989 3600 1134 3658 Soaevola
1165 3602 1299 3659 Pontifex

126 3673 199 3728 sicut
224 3671 339 3750 litterae
367 3671 509 3744 delentur,
536 3673 586 3728 uhi
612 3673 684 3728 nihil
737 3673 896 3750 maximus,
909 3673 959 3728 der
976 3672 1095 3743 Kollege
1114 3674 1162 3729 des
1181 3673 1299 3729 Crassus

124 3745 243 3810 utimur,
266 3743 322 3800 looi
340 3747 486 3814 tamquam
509 3762 573 3801 cera
596 3762 686 3801 rema·
738 3743 769 3797 in
787 3745 863 3799 allen
876 3747 1003 3810 Amtern,
1021 3760 1240 3813 ausgenommen
1256 3744 1297 3800 im

124 3834 191 3871 nere
203 3816 406 3885 debent-20,
417 3831 442 3871 aa
453 3815 584 3872 Omnium
592 3834 685 3872 rerum
739 3815 876 3870 Tribunat
898 3817 955 3870 und
979 3814 1029 3868 der
1052 3815 1157 3871 Census
1180 3814 1297 3884 (Einli

127 3888 232 3942 similes
251 3888 385 3957 imagines
404 3902 464 3942 esse
483 3890 595 3957 oportet
609 3889 638 3942 et
652 3903 685 3942 ex
739 3891 755 3952 ξ
770 3893 811 3953 10,
826 3889 870 3954 91),
891 3886 950 3942 sein
967 3886 1077 3955 Gegner
1094 3885 1125 3940 in
1144 3888 1193 3941 der
1211 3903 1300 3942 causa

129 3957 258 4014 omnibus
273 3958 365 4011 verbis
385 3960 467 4012 notas
487 3957 567 4013 nobis
586 3957 685 4014 simili·
740 3955 861 4012 Curiana
883 3959 907 4026 (l
921 3971 960 4012 rso
984 3957 1109 4025 aequalis
1133 3960 1162 4011 et
1186 3958 1300 4028 collega

127 4030 238 4084 tudines
257 4028 361 4097 eligere
388 4028 534 4094 debemus;
559 4028 684 4098 duplices
739 4045 827 4096 meus,
847 4027 914 4082 lscr
930 4027 1042 4096 paterni
1054 4029 1123 4082 iuris
1142 4029 1300 4099 defensor);

125 4101 215 4171 igitur
248 4098 446 4153 similitudines
479 4114 540 4154 esse
572 4099 685 4169 debent,
740 4098 828 4154 durch
847 4099 922 4154 scine
940 4099 1035 4168 strong
1055 4099 1210 4155 rechtliohe
1230 4099 1298 4155 Ver·

127 4189 200 4227 unae
218 4188 318 4236 rerum,
337 4171 442 4227 alterae
456 4171 604 4225 cuborum.
631 4170 685 4224 Re·
739 4170 865 4240 waltung
880 4170 929 4224 der
942 4168 1059 4223 Provinz
1074 4169 1159 4225 Anien
1173 4171 1211 4224 im
1225 4170 1251 4225 J.
1262 4177 1298 4226 99

127 4260 189 4297 rum
200 4241 399 4298 similitudines
409 4240 609 4312 exprimuntur,
623 4258 686 4296 eum
739 4242 794 4307 (wo
817 4240 846 4295 P.
866 4239 990 4295 Rutilius
1014 4239 1102 4297 Rufus
1125 4240 1185 4296 sein
1208 4241 1299 4311 Legat

129 4313 289 4369 summatim
299 4314 422 4383 ipsorum
430 4313 609 4383 negotiorum
615 4312 685 4368 ima·
741 4327 807 4380 war,
820 4309 903 4381 laco),
918 4311 971 4365 wie
985 4311 1073 4367 durch
1087 4311 1163 4367 scine
1177 4313 1297 4368 Rechts-
