2842 4778
456 229 502 283 DE
523 227 695 284 ORATORE
714 227 753 281 III
774 233 815 297 19,
831 244 864 283 rs.
884 234 927 296 20,
943 243 976 286 rc.
991 243 1024 284 12.
1257 228 1323 292 433

151 396 264 459 issent.
310 391 372 458 Sed
395 397 432 457 ut
454 393 625 475 pontifices
649 395 774 480 veteres
797 395 932 477 propter
960 391 1191 458 sacrificiorum
1215 391 1324 457 multi-

126 483 297 547 atudinem
321 485 386 547 tres
409 481 496 547 viros
520 481 674 565 epulones
697 502 768 546 esse
791 481 973 565 voluerunt,
996 503 1069 546 cum
1092 484 1200 547 essent
1222 481 1285 565 ipsi
1305 503 1325 545 a
1344 497 1376 546 73

152 571 274 655 Numa,
306 575 342 634 ut
369 571 467 635 etiam
495 569 575 634 illud
606 570 756 635 ludorum
788 571 919 654 epulare
947 571 1140 636 sacrificium
1172 569 1326 654 facerent,

153 660 310 743 instituti,
343 660 389 725 sic
416 656 572 725 Socratici
600 682 619 724 a
648 681 681 724 se
710 681 877 725 causarum
907 663 1033 725 actores
1062 662 1136 723 eta
1164 659 1327 725 communi

154 748 378 834 philosophiae
401 748 533 813 nomine
556 752 802 832 separaverunt,
829 770 901 813 cum
925 753 1050 814 veteres
1074 748 1201 813 dicendi
1223 752 1257 813 et
1279 749 1327 812 in·

153 837 328 924 tellegendi
351 837 520 902 mirificam
544 838 731 902 societatem
754 859 825 902 esse
848 838 1035 902 voluissent.

130 951 141 989 τ
246 927 334 1004 Quae
358 948 430 991 cum
454 926 501 991 ita
525 926 599 1011 sint,
622 927 801 1011 paullulum
825 926 971 1011 equidem
995 926 1034 990 de
1056 948 1108 990 me
1132 926 1328 1010 deprecabor

128 1021 188 1081 set
210 1021 318 1102 petam
344 1038 363 1079 a
381 1016 482 1099 vobis,
505 1019 541 1079 ut
564 1037 610 1099 ea,
634 1038 716 1102 quae
739 1015 854 1099 dicam,
875 1002 1003 1080 nonde
1026 1019 1146 1080 memet
1164 1015 1245 1100 ipso,
1269 1014 1324 1079 sed
1343 1020 1416 1076 201

127 1105 194 1170 sde
217 1108 347 1170 oratore
371 1104 474 1170 dicere
498 1104 630 1188 putetis.
665 1104 737 1190 Ego
762 1106 848 1169 enim
873 1127 944 1169 sum
967 1105 1005 1188 is,
1028 1104 1083 1188 qui
1107 1125 1179 1169 oum
1200 1126 1327 1169 summo

114 1194 261 1260 metudio
285 1194 387 1278 patris
410 1193 445 1257 in
468 1194 607 1277 pueritia
630 1193 743 1258 doetus
763 1215 867 1259 essem
886 1195 969 1258 etin
988 1194 1095 1259 forum
1115 1192 1238 1277 ingenii
1255 1195 1327 1257 tan·

153 1288 234 1367 tum,
256 1286 411 1368 quantum
429 1283 500 1366 ipse
520 1283 634 1366 sentio,
652 1304 719 1347 uon
737 1287 875 1366 tautum,
894 1286 1052 1368 quantum
1071 1283 1167 1367 [ipse]
1187 1282 1328 1347 forsitan

114 1398 140 1436 22
154 1373 248 1439 vobis
263 1371 382 1457 videar,
400 1371 597 1454 detulissem,
615 1392 681 1436 non
699 1372 824 1456 possim
844 1371 948 1437 dicere
967 1394 1019 1436 me
1037 1373 1126 1452 haec,
1145 1393 1227 1456 quae
1240 1393 1328 1435 nunc

115 1487 141 1526 26
156 1461 367 1545 complector,
388 1460 520 1545 perinde
542 1464 581 1525 ut
604 1459 708 1525 dicam
733 1461 885 1526 discenda
908 1483 991 1545 esse,
1019 1460 1180 1542 didicisse3
1208 1461 1327 1545 quippe

115 1551 213 1635 14qu
237 1551 381 1614 omnium
409 1550 597 1614 maturrime
621 1549 661 1613 ad
684 1549 829 1633 publicas
854 1570 968 1614 causas
997 1551 1188 1615 accesserim
1212 1571 1328 1614 annos·

156 1661 216 1725 que
240 1641 337 1704 natus
360 1659 459 1703 unum
483 1642 517 1703 et
536 1639 654 1723 viginti
677 1638 918 1703 nobilissimum
937 1639 1103 1704 hominem
1126 1642 1159 1702 et
1177 1638 1327 1721 eloquen-

155 1729 319 1793 tissimum
351 1729 385 1792 in
417 1727 571 1793 iudicium
603 1727 760 1811 vocarim3
793 1727 844 1793 cui
877 1727 1049 1812 disciplina
1080 1728 1180 1792 fuerit
1211 1727 1328 1810 forum,

114 1843 140 1882 ιτ
154 1818 310 1903 magister
342 1839 420 1881 usus
454 1822 486 1881 et
517 1817 606 1902 leges
640 1821 672 1881 et
699 1817 853 1881 instituta
882 1816 996 1901 populi
1023 1815 1164 1882 Romani
1194 1837 1327 1901 mosque

114 1931 140 1970 1s
155 1909 324 1971 maiorum.
369 1905 520 1970 Paullum
545 1907 657 1970 sitiens
680 1910 817 1971 istarum
843 1907 975 1990 artium,
999 1905 1038 1970 de
1062 1906 1180 1990 quibus
1202 1905 1329 1991 loquor,

114 2020 140 2059 26
154 1995 295 2080 gustavi,
318 1998 471 2078 quaestor
492 1995 527 2059 in
546 1994 627 2058 Asia
649 2016 723 2059 eum
746 2017 859 2079 essem,
881 1995 1049 2079 aequalem
1072 1995 1139 2067 fere
1162 2016 1269 2060 meum
1288 2016 1327 2058 ex
1347 2009 1380 2061 75

154 2083 331 2148 Academia
344 2082 508 2149 rhetorem
521 2087 646 2163 nactus,
659 2083 880 2152 Metrodorum
893 2086 996 2165 illum,
1011 2085 1049 2149 de
1064 2086 1156 2150 cuius
1170 2084 1328 2149 memoria

113 2199 139 2237 21
154 2173 418 2237 commemoravit
446 2172 622 2256 Antonius,
650 2176 682 2237 et
710 2173 785 2238 inde
814 2173 970 2240 decedens
1001 2174 1154 2257 Athenis,
1182 2174 1238 2238 ubi
1266 2193 1326 2257 ego

114 2287 139 2326 aa
155 2263 275 2326 diutius
299 2283 403 2326 essem
427 2265 583 2346 moratus,
605 2263 668 2326 nisi
686 2262 949 2341 Atheniensibus,
973 2263 1058 2348 quod
1082 2262 1239 2346 mysteria
1261 2284 1329 2326 262

153 2352 319 2433 referrent,
339 2351 378 2415 ad
399 2372 480 2434 quae
499 2351 596 2417 biduo
617 2351 720 2416 serius
738 2374 899 2435 veneram,
923 2351 1186 2416 succensuissem.
1223 2348 1329 2425 Quare

114 2465 141 2503 24
155 2439 226 2522 hoc,
250 2441 334 2523 quod
360 2441 558 2523 complector
580 2443 707 2505 tantam
726 2441 896 2505 seientiam
915 2440 1044 2522 vimque
1063 2439 1239 2522 doctrinae,
1261 2459 1328 2503 262

114 2551 140 2589 25
155 2528 251 2590 modo
273 2549 340 2590 non
363 2549 423 2610 pro
446 2549 512 2610 me,
541 2529 596 2593 sed
620 2532 734 2593 contra
757 2550 808 2593 me
832 2533 882 2593 est
904 2529 1012 2612 potius
1037 2525 1117 2614 (non
1141 2527 1226 2592 enim
1252 2526 1329 2613 quid

115 2638 141 2677 26
156 2633 230 2696 ego,
259 2614 314 2676 sed
343 2615 419 2696 quid
447 2619 557 2679 orator
584 2617 688 2698 possit
715 2615 874 2703 disputo),
904 2621 1001 2701 atque
1029 2618 1089 2681 hos
1118 2637 1244 2700 omnes,
1272 2616 1328 2700 qui

189 2846 214 2894 2.
234 2841 375 2910 epulones,
393 2858 414 2895 s.
433 2839 490 2896 ind.
806 2849 846 2899 17.
865 2859 923 2898 mos
939 2844 1086 2913 maiorum,
1103 2844 1117 2897 1
1134 2857 1174 2910 ³93
1192 2859 1226 2898 ss.

190 2918 213 2966 1.
245 2910 321 2981 Quae
352 2928 415 2967 cum
445 2915 488 2967 ito
522 2914 578 2967 sint
611 2943 645 2952 -
677 2914 714 2968 da
804 2919 846 2969 18.
863 2913 1121 2970 Paullum—treta
1136 2913 1242 2970 moines
1256 2913 1325 2968 Dur-

152 2981 260 3038 meiner
279 2982 399 3038 Ansioht
419 2985 493 3039 nach
517 3001 578 3038 zum
597 2985 712 3039 wahren
766 2986 824 3039 stes
842 2985 974 3041 darnsch.

153 3053 264 3109 Redner
278 3053 448 3124 wenigstens
462 3055 507 3110 die
519 3055 712 3126 Vereinigung
804 3063 843 3112 19.
864 3063 998 3127 quaestor,
1017 3055 1091 3112 Einl.
1111 3057 1123 3110 Ι
1142 3063 1157 3124 5
1178 3062 1220 3127 10,
1239 3073 1273 3112 64.

152 3141 208 3180 von
223 3125 436 3182 Beredsamheit
454 3127 512 3181 und
529 3126 711 3196 Philosophia
802 3134 846 3184 21.
864 3130 1089 3197 commemorauit,
1107 3129 1134 3182 11
1152 3144 1199 3185 666.

153 3197 254 3265 gehort
277 3197 341 3266 (wie
360 3197 422 3253 eine
444 3199 539 3253 solche
558 3203 710 3269 226222128-
800 3206 845 3255 22.
863 3202 1004 3272 mysteria,
1022 3219 1042 3257 s.
1061 3199 1119 3254 ind.

152 3265 210 3322 lich
229 3267 302 3322 euch
319 3269 482 3324 vorhanden
501 3271 579 3338 war).
803 3278 846 3326 24.
862 3273 935 3342 quod
950 3273 1111 3342 complector
1124 3273 1153 3327 in
1163 3272 1325 3328 demselben

189 3340 364 3408 deprecabor,
387 3338 511 3396 insofem
529 3359 560 3395 er
580 3340 711 3396 61161162-
766 3342 844 3412 Sinn,
863 3344 915 3398 wie
935 3343 1043 3398 vorher.

152 3409 260 3480 derung
279 3409 367 3478 stellt‚
386 3413 458 3467 ohne
477 3413 517 3467 sie
536 3412 610 3467 doch
624 3413 713 3467 selbot
801 3415 856 3469 cim
874 3415 1028 3482 6166161266,
1046 3413 1147 3486 Menge
1165 3432 1220 3470 von
1234 3414 1325 3469 Theo·

152 3482 249 3535 62111112
267 3499 301 3535 zu
319 3483 419 3538 haben.
766 3486 815 3553 rie,
835 3503 891 3541 von
909 3485 1105 3541 Kenntnisseu.

188 3557 212 3608 8.
231 3553 336 3618 dicum,
358 3553 452 3608 hintes
470 3553 562 3607 dicam
580 3554 619 3609 ist
637 3556 712 3609 wohl
802 3562 844 3611 22.
863 3562 960 3611 contra
977 3573 1018 3611 me
1036 3563 1074 3611 est
1092 3559 1145 3612 etc.
1166 3557 1239 3611 deun
1258 3572 1324 3610 man

152 3641 192 3678 me
211 3624 398 3693 ausgefallem
423 3643 471 3678 zur
490 3623 580 3680 Sache
600 3625 657 3694 vgl.
677 3641 711 3681 so.
766 3629 821 3683 soll
835 3626 914 3682 nicht
932 3644 987 3683 von
1007 3627 1113 3682 andern
1131 3627 1251 3694 fordern,
1266 3644 1324 3682 was

188 3701 213 3750 9.
233 3695 295 3764 Epo
313 3695 386 3748 enim
404 3697 467 3761 626,
485 3694 563 3750 Iraf.
765 3716 830 3753 man
853 3698 941 3753 selbot
959 3698 1038 3752 nicht
1059 3697 1168 3767 leistet,
1192 3697 1260 3752 aber
1277 3697 1324 3750 ich

190 3771 232 3820 10.
251 3770 360 3819 tactum
377 3770 525 3835 quantum,
539 3766 592 3821 wie
611 3783 636 3822 rr
650 3768 712 3838 (an·
765 3771 833 3824 thue
853 3768 898 3823 die
912 3768 1075 3837 Forderung
1093 3767 1230 3836 dennoch,
1250 3767 1324 3821 denn

153 3838 219 3891 dere
233 3836 335 3890 wollen
348 3838 461 3890 tantum
479 3836 569 3892 lieber
582 3855 632 3893 aus
647 3839 711 3893 dem
764 3841 811 3895 ich
830 3841 896 3894 rede
911 3840 944 3910 ja
961 3841 1033 3896 eben
1052 3839 1130 3894 nicht
1142 3855 1197 3893 von
1211 3837 1325 3891 meinen

153 3907 226 3962 Text
244 3906 367 3961 entfernt
385 3909 496 3979 haben).
764 3910 945 3980 Leistungen,
964 3912 1082 3966 sondern
1101 3927 1154 3965 von
1169 3910 1260 3963 denen
1274 3908 1323 3962 des

189 3984 232 4033 12.
246 3995 315 4048 quoe
323 3996 402 4035 nunc
411 3982 579 4050 complector,
588 3981 711 4036 2222Ιὶ612
764 3982 899 4037 Rednsrs.

151 4049 182 4104 in
195 4049 307 4105 meinen
321 4051 562 4123 Anlorderungen,
576 4054 603 4108 d.
618 4054 645 4108 h.
660 4053 711 4108 das
801 4060 843 4108 26.
853 4054 1013 4126 hosomscs,
1027 4052 1079 4107 mit
1092 4051 1183 4106 ihrem
1198 4051 1263 4104 sehr
1277 4049 1323 4104 be-

152 4122 462 4194 umfassendeWissen,
482 4123 709 4191 6166161162126,
765 4124 933 4180 6612221262
957 4123 1162 4178 Gesiohtslrreis
1190 4121 1248 4176 und
1268 4119 1324 4176 den

151 4193 206 4248 mir
221 4210 251 4249 so
267 4192 478 4265 angeeignetzn
489 4195 591 4262 haben,
605 4197 708 4251 wie-.
764 4194 937 4250 kleinlichen
960 4195 1031 4249 rhet.
1050 4193 1256 4260 Vorschriften,
1277 4191 1323 4247 die

188 4270 230 4320 13.
243 4267 360 4334 periodo
377 4272 417 4334 ct,
436 4281 483 4322 are.
764 4266 824 4321 sich
842 4268 872 4321 in
891 4268 940 4319 der
954 4264 1045 4335 Regel
1063 4282 1115 4319 nur
1129 4265 1180 4319 auf
1196 4264 1323 4319 (162112-

189 4342 230 4390 14.
255 4353 395 4407 canosque
411 4344 495 4392 natus
513 4338 566 4392 626.
603 4335 676 4392 11121.
697 4337 710 4389 Ι
763 4336 1323 4406 262662166122166262362.1211212.22(1

151 4412 166 4473 §
187 4412 229 4477 10,
248 4423 283 4464 rr.
764 4406 882 4476 finitum,
902 4407 948 4463 die
962 4407 1178 4479 Redeeingange
1197 4409 1254 4466 und
1269 4405 1322 4462 (le-
