2842 4778
166 248 232 313 476
336 288 340 297 .
466 246 514 300 DII
535 244 708 301 ORATORE
727 243 833 314 11142,
853 261 900 300 res.
921 249 969 313 43,
990 260 1036 300 ree.

167 408 377 475 ‘Cererem'
417 430 477 493 pro
514 408 678 493 frugibus,
715 405 926 470 ‘Liberum'
965 407 1128 491 appellare
1163 429 1223 491 pro
1255 408 1341 490 vino,

167 495 419 582 ‘Neptunum'
444 519 502 580 pro
522 498 614 581 mari,
637 495 813 561 ‘curiam'
832 517 891 580 pro
912 499 1037 573 senatu,
1055 494 1260 580 ‘campum'
1282 518 1341 580 pro

115 604 165 654 168
177 587 331 669 comitiis,
355 585 517 671 ‘togam'
541 607 600 668 pro
624 607 716 668 paee,
741 584 861 648 ‘arma
886 605 927 648 ao
950 582 1045 647 tela’
1069 605 1129 666 pro
1147 583 1248 669 bello;
1277 607 1341 669 quo

166 677 245 740 item
272 674 308 738 in
336 694 454 757 genere
482 678 515 739 et
542 675 677 738 virtutes
706 676 739 736 et
767 672 849 736 vitia
876 693 935 755 pro
959 672 1054 757 ipsis,
1081 672 1257 756 inquibus
1281 673 1366 738 illae

129 827 131 830 ,
166 766 251 846 sunt,
275 764 493 848 appellantur:
517 759 722 826 ‘Luxuries
742 782 853 845 quam
871 762 910 823 in
931 760 1080 825 domum
1098 761 1270 844 irrupit',
1295 766 1340 827 et:

167 850 262 926 ‘Quo
292 852 460 915 avaritia
488 848 742 934 penetravit'3
771 854 828 914 aut
852 848 982 913 ‘Fides
1011 849 1150 931 valuit,
1177 849 1342 915 Iustitia

166 939 356 1005 confecit!

256 1028 385 1094 Videtis
409 1027 555 1111 profecto
580 1047 682 1111 genus
701 1026 763 1090 hoc
782 1029 900 1107 totum,
923 1047 996 1089 cum
1014 1025 1134 1090 inflexo
1154 1026 1367 1092 immutato-s

166 1139 227 1202 que
244 1117 344 1182 verbo
363 1137 415 1179 res
436 1115 547 1179 cadem
567 1116 754 1179 enuntietur
773 1113 935 1196 ornatius3
960 1114 1011 1178 cui
1031 1118 1108 1179 sunt
1125 1114 1266 1179 finitima
1283 1115 1342 1180 illa

167 1206 273 1270 minus
293 1207 418 1286 ornata,
443 1204 498 1268 sed
517 1207 627 1268 tamen
646 1225 713 1267 non
731 1201 922 1289 ignoranda,
941 1223 1014 1266 cum
1032 1203 1178 1287 intellegi
1192 1204 1341 1269 volumus

167 1292 290 1378 aliquid
320 1297 376 1357 aut
399 1313 438 1355 ex
461 1295 555 1375 parte
577 1294 693 1374 totum,
716 1295 753 1355 ut
775 1313 834 1375 pro
859 1290 1011 1355 aedificiis
1036 1312 1109 1355 cunr
1133 1290 1342 1375 ‘parietes'

168 1385 224 1446 aut
242 1380 380 1445 ‘tecta'
400 1380 549 1465 dicimus3
569 1384 626 1444 aut
645 1403 683 1445 ex
702 1382 771 1444 toto
786 1383 925 1464 partem,
942 1383 981 1443 ut
999 1401 1071 1444 cum
1086 1402 1184 1444 unam
1198 1385 1342 1445 turmam

167 1469 401 1554 ‘equitatum
429 1469 564 1552 populi
591 1467 772 1533 Romani'
802 1467 952 1550 dicimus3
981 1471 1039 1532 aut
1067 1488 1105 1532 ex
1129 1491 1193 1533 uno
1217 1470 1341 1553 plures:

327 1557 373 1621 At
397 1556 563 1621 Romanus
586 1557 700 1636 homo,
723 1557 900 1621 tamenetsi
922 1577 974 1620 res
998 1557 1080 1621 bene
1104 1561 1198 1642 gesta
1220 1562 1283 1642 est,
1356 1583 1381 1621 14

327 1644 430 1711 Corde
455 1667 514 1710 suo
538 1645 695 1730 trepidat3

256 1738 314 1800 aut
338 1756 409 1799 cum
433 1755 471 1798 ex
495 1734 642 1818 pluribus
665 1733 867 1815 intellegitur
890 1754 1003 1796 unum:

327 1822 396 1887 Nos
421 1845 531 1887 sumus
555 1822 709 1900 Romani,
733 1822 789 1905 qui
810 1821 953 1885 iuvimus
977 1825 1052 1886 anto
1074 1821 1196 1886 Rudini
1358 1846 1382 1884 rr

169 1913 228 1975 aut
241 1931 444 1993 quocumque
460 1911 555 1974 modo
570 1931 636 1973 non
651 1915 688 1974 ut
702 1910 824 1974 dietum
839 1913 890 1973 est
903 1909 938 1972 in
952 1931 991 1975 eo
1001 1931 1120 1995 genere
1129 1911 1343 1995 intellegitur,

169 1998 225 2063 sed
248 2001 286 2062 ut
306 2019 437 2079 sensum
461 2001 519 2061 est.

65 2096 169 2152 43169
259 2085 435 2150 Abutimur
458 2107 556 2170 saepe
580 2087 678 2150 etiam
701 2087 801 2151 verbo
824 2107 891 2151 non
914 2090 983 2150 tam
1007 2087 1174 2170 eleganter
1192 2109 1291 2170 quam
1309 2087 1382 2151 ineo

168 2174 406 2256 transferendo,
435 2173 491 2238 sed
520 2174 649 2239 etiamsi
676 2175 841 2257 licentius,
867 2178 979 2239 tamen
1008 2175 1170 2240 interdum
1193 2197 1262 2241 non
1283 2176 1344 2240 im-

169 2263 341 2348 pudenter3
365 2267 402 2327 ut
420 2284 493 2328 cum
514 2261 715 2348 ‘grandem
734 2261 970 2328 orationem'
994 2264 1183 2350 prolonga,
1207 2263 1345 2329 ‘mmu-

168 2424 281 2489 temque
292 2435 477 2474 communem.
496 2418 557 2475 Liv.
570 2419 593 2473 V
606 2424 669 2486 12,1
684 2436 731 2473 ne·
784 2434 836 2472 nos
854 2417 955 2474 vicisse
974 2418 1124 2489 significat,
1144 2439 1168 2476 a.
1182 2419 1214 2473 Β.
1233 2419 1261 2474 ΙΙ
1275 2425 1318 2488 at,
1333 2437 1345 2475 1

168 2491 322 2560 quidquam
349 2520 383 2530 —
407 2491 527 2545 Martem
555 2507 731 2547 communem
785 2487 856 2544 fusis
888 2486 1027 2544 Auruncis
1064 2490 1156 2546 victor
1190 2492 1236 2545 tot
1271 2491 1346 2546 intra

169 2561 239 2615 belli
256 2561 456 2630 fortunamque
479 2563 642 2628 accusante;
661 2559 731 2615 ibid.
784 2576 890 2630 paucos
909 2561 969 2615 dtes
988 2561 1071 2615 hellis
1089 2561 1242 2617 Romanus.

170 2632 248 2686 XXX
262 2638 306 2700 30,
325 2646 366 2699 ²⁰3
385 2631 443 2700 vgl.
461 2630 526 2685 XXI
542 2636 566 2699 1,
585 2646 599 2686 s
618 2633 647 2686 et
660 2633 730 2686 adeo
823 2638 865 2687 1⁷.
879 2631 939 2686 Nos
952 2648 1046 2687 sumus
1060 2633 1346 2701 (gesprochensumu,

168 2703 248 2756 saria
265 2702 380 2757 fortuna
397 2701 467 2757 belli
483 2719 642 2772 ancepsque
656 2703 731 2757 Mars
786 2718 837 2767 uu
857 2701 870 2754 I
888 2704 938 2771 rsa)
957 2702 1093 2771 Romami,
1117 2701 1279 2771 gleichfalls
1297 2719 1347 2758 aus

170 2772 231 2828 luit.
254 2773 504 2830 Hom.11.>:309
524 2771 609 2840 ξυνὸς
629 2768 731 2828 Ἐνυαί-
784 2773 900 2827 Ennius*
919 2774 1061 2842 Annales,
1087 2773 1200 2828 Vahlen
1217 2791 1245 2843 p.
1265 2780 1300 2829 es
1319 2790 1345 2830 11.

168 2847 227 2907 icoc
261 2847 313 2899 καί
344 2863 374 2899 re
407 2843 567 2900 κτανέοντα
600 2842 729 2899 κατέκτα.
784 2843 913 2912 LXXIX,
938 2860 989 2913 pro
1008 2843 1093 2899 Arch.
1112 2860 1139 2899 aa
1161 2844 1237 2915 Ergo
1255 2845 1347 2912 illum,

169 2916 252 2985 Verg.
272 2917 342 2971 Aen.
361 2915 401 2968 VI
419 2930 466 2971 rec.
785 2916 833 2983 qui
851 2915 922 2970 haec
940 2916 1048 2970 fecerat
1064 2915 1103 2984 (d.
1118 2915 1147 2969 h.
1161 2914 1218 2970 don
1231 2914 1348 2971 Dichter

204 2990 231 3041 4.
253 3002 304 3055 pro
323 2987 405 3054 ipsis,
428 2987 461 3040 iu
478 2987 578 3055 quibus
596 2987 647 3040 clla
665 2991 731 3041 suut
785 2986 899 3052 Ennius,
918 2984 968 3039 der
986 2985 1015 3040 in
1034 2985 1131 3041 seinen
1144 2984 1275 3041 Annales
1293 2987 1348 3042 dan

168 3055 232 3110 wir:
252 3057 337 3110 deren
355 3055 489 3123 Inhaber,
509 3057 623 3125 Treger.
784 3055 878 3108 Ruhm
902 3055 951 3109 des
973 3056 1132 3111 rtmischen
1154 3055 1262 3113 Volkes
1286 3074 1347 3113 ver-

205 3132 230 3179 8.
256 3127 371 3194 insieco,
396 3125 450 3179 wie
474 3124 570 3180 Africa
591 3126 638 3179 fiir
660 3126 730 3192 Afri,
784 3123 922 3180 herrlicht
934 3125 1036 3196 hatte),
1050 3127 1192 3182 Rudinum
1203 3129 1348 3184 hominem

169 3195 454 3262 Romaiurliomani;
465 3197 667 3265 immutatoque,
677 3195 729 3250 wie
783 3195 905 3251 maiores
919 3198 1009 3253 nostri
1023 3197 1188 3265 (besondsrs
1203 3199 1293 3254 durch
1301 3198 1348 3255 die

170 3263 253 3320 Ocres
271 3265 316 3318 isrr
333 3263 441 3333 fruges,
461 3264 546 3319 Liber
564 3266 611 3320 fiir
627 3265 731 3321 vinum.
786 3267 985 3350 Verwendung
1002 3284 1058 3324 von
1076 3270 1113 3324 M.
1128 3269 1245 3324 Fulvius
1259 3271 1347 3326 Nobi-

205 3336 261 3392 Der
288 3334 460 3404 Metonymie
493 3337 628 3391 auntchst
655 3339 732 3392 steht
786 3337 850 3408 lior)
869 3338 899 3392 in
917 3339 1063 3395 civitatem
1082 3343 1257 3410 receperunt.

170 3405 516 3475 dieSynelrdoche(ad
525 3408 591 3463 Her.
601 3408 641 3462 IV
651 3415 732 3476 33‚44
820 3409 956 3478 facimus,
976 3409 1090 3466 Schultz
1108 3418 1123 3478 ξ
1144 3417 1194 3466 102
1213 3409 1246 3467 dc
1265 3411 1287 3466 I.

169 3477 325 3533 intellectio
355 3477 500 3547 genennt).
545 3477 640 3544 Quint.
664 3478 732 3533 VIII
820 3486 863 3535 20.
888 3481 1022 3538 Endlich:
1052 3481 1097 3537 die
1121 3481 1347 3538 Katachresis

173 3557 197 3616 6,
212 3565 238 3604 ro
252 3547 402 3604 translatio
416 3549 614 3619 permovendis
628 3550 729 3605 animis
785 3551 916 3621 (abusio).
955 3551 1001 3608 Or.
1020 3567 1046 3608 os
1064 3553 1234 3609 Aristoteles
1252 3556 1348 3610 autem

169 3621 334 3690 plerumque
363 3620 392 3674 et
420 3619 565 3691 signandis
588 3621 673 3676 rebus
696 3639 730 3676 ac
783 3621 930 3678 tralationi
954 3625 1076 3681 ethaeo
1099 3623 1162 3694 ipsa
1187 3624 1226 3692 (d.
1245 3626 1273 3681 h.
1300 3625 1346 3681 die

170 3691 222 3745 sub
242 3691 338 3746 oculos
357 3689 528 3746 subiciendis
545 3694 659 3762 reperta
673 3692 728 3759 est3
784 3694 967 3765 Metonymie)
978 3695 1124 3765 subiungit
1134 3696 1164 3749 et
1173 3695 1347 3764 abusionem,

170 3763 444 3832 haec(synecdoche)
453 3761 565 3818 variare
573 3764 729 3818 scrmdnem
784 3781 869 3833 quam
893 3765 1066 3836 κατάχρησαι
1091 3768 1206 3835 vocant,
1231 3769 1265 3822 ut
1283 3784 1348 3822 cum

169 3838 272 3902 potest,
290 3834 323 3887 ut
342 3849 376 3887 ex
393 3849 450 3886 uno
469 3834 563 3902 plures
580 3834 730 3905 intellega-
784 3835 924 3890 minutum
934 3838 1053 3892 dicimus
1063 3837 1188 3892 animum
1197 3853 1249 3906 pro
1256 3853 1346 3920 parvo

169 3921 245 3970 mus,
272 3906 354 3973 parte
382 3904 488 3972 totum,
516 3905 609 3973 specie
632 3921 729 3973 genus,
784 3909 813 3960 et
838 3906 981 3963 abutimur
1004 3909 1096 3963 verbis
1118 3908 1301 3978 propinquis,
1324 3909 1349 3964 si

169 3972 404 4044 praecedentibus
415 3975 570 4044 sequentia,
579 3974 626 4030 vel
636 3974 731 4030 omnia
785 3993 855 4046 opus
870 3978 915 4032 est
928 3978 972 4032 vel
986 3979 1062 4045 quod
1076 3979 1201 4034 delectat
1213 3978 1260 4035 vel
1269 3979 1348 4048 quod

170 4047 280 4113 contra;
309 4044 425 4098 liberior
448 4044 539 4113 poetis
561 4062 645 4113 quam
669 4062 730 4100 ora·
784 4048 874 4102 decet

169 4117 287 4171 toribus.
821 4119 963 4173 abutimur
992 4135 1072 4189 caepe
1103 4122 1195 4176 etiam.
1229 4151 1263 4161 —
1291 4121 1348 4177 Der

207 4192 249 4240 14.
261 4189 300 4240 At
309 4186 453 4241 Romanus
462 4187 606 4252 bemanus
615 4186 729 4242 Ennius'
785 4186 851 4242 Sata
864 4187 976 4243 enthtlt
989 4190 1050 4246 also
1064 4191 1127 4245 eine
1142 4191 1347 4248 Seiteubemer·

169 4257 307 4325 Annalen,
321 4257 432 4312 Vahlen
445 4275 473 4326 p.
490 4262 532 4313 m.
555 4256 650 4324 Quint.
664 4257 729 4312 VIII
784 4257 870 4329 lrnng,
889 4255 948 4312 dall
962 4277 1010 4313 aur
1024 4260 1173 4331 Metapher
1186 4262 1259 4318 auch
1274 4263 1348 4318 noch

160 4326 319 4390 cromam
335 4327 476 4383 ethivius
490 4345 573 4398 saepe
589 4330 629 4384 sic
644 4329 728 4385 dIcit:
784 4328 831 4384 die
867 4329 1040 4386 Katachrese
1076 4349 1202 4402 geaogen
1233 4335 1349 4390 werden

143 4393 300 4452 Romanus
306 4401 423 4468 proelio
434 4401 536 4473 victor,
552 4418 616 4459 oum
628 4400 731 4459 Roma·
784 4401 887 4471 ronne,
904 4401 957 4457 wie
977 4402 1027 4459 das
1045 4401 1215 4461 Aristoteles
1233 4403 1304 4460 that
