2842 4778
117 189 183 255 566
494 174 741 243 nauticarum
760 185 915 242 INDICES.

116 349 192 417 aber,
207 365 238 403 so
253 349 433 418 unterwiirfig
446 348 504 402 und
520 346 675 417 williahri'g
727 347 788 402 Liv.
804 352 847 415 38,
862 361 896 403 51.
915 344 1080 401 Fleckeisen
1093 345 1159 402 krit.
1170 345 1248 401 Misc.
1260 365 1289 416 p.

117 420 158 476 sie
176 418 236 476 sich
254 422 332 475 sonet
346 419 400 475 den
412 420 576 488 m'atchtigen
589 418 674 474 romi·
729 424 761 474 51
782 417 841 472 will
859 416 970 473 Navio
989 417 1102 486 geleeen
1120 417 1220 472 haben.

117 489 445 561 schenHerrenneigten,
458 489 675 560 iiberwogdoch
726 521 729 525 ,
765 487 818 545 Cn.
833 489 960 545 Naevius
979 487 1020 541 111
1031 502 1058 544 te
1078 489 1127 544 der
1144 489 1288 544 bekannte

117 561 237 617 diesmal
264 562 308 616 die
335 561 468 631 religiose
496 562 600 629 Scheu,
629 560 674 615 die
728 561 816 615 durch
835 561 895 614 sein
913 560 988 628 Epos
1006 576 1070 614 vom
1095 561 1188 614 ersten
1206 559 1288 628 puni-

117 631 205 700 Feier,
219 633 265 688 die
274 633 343 687 eben
358 632 538 703 geschloseen
547 649 612 701 war,
627 650 675 686 um
729 632 814 686 schen
837 630 924 700 Krieg
947 630 1000 685 wic
1028 631 1104 686 scine
1130 631 1289 686 Komddien

118 705 166 759 des
178 703 292 758 Crassus
303 703 397 758 willen
411 705 484 759 noch
499 703 674 758 einmalvor-
728 703 876 758 bariihmte
899 701 1017 756 Dichter
1036 717 1085 756 aus
1108 701 1288 771 Campanien,

117 775 272 830 nunchmen
290 775 422 844 (referre).
449 773 515 842 uic,
534 774 584 829 der
602 773 675 829 auch
729 773 792 844 geb.
811 779 877 842 273,
901 775 971 843 gest.
990 777 1055 840 204,
1085 772 1131 827 cin
1157 774 1290 843 jiingcrer

118 846 164 901 die
178 846 298 900 Weihen
322 846 449 900 erhalten
467 846 559 914 hatte,
577 845 676 900 urteilt
729 845 907 914 Zeitgenosse
927 844 975 898 des
988 842 1085 898 Livius
1100 843 1292 912 Andronicus,

118 916 183 971 sehr
197 917 314 987 grtnstig
331 916 401 972 iiber
420 917 472 971 sic:
491 917 525 972 dc
540 917 595 998 leg.
609 916 635 971 Il
649 931 675 972 ao
730 917 779 971 des
812 916 933 972 tltesten
963 915 1122 970 romischen
1151 915 1288 969 Dichters.

116 987 188 1042 mihi
213 1005 276 1043 cnm
293 988 384 1042 multa
402 987 506 1043 eximia
524 988 675 1057 divmaque
729 987 807 1042 Brut.
827 1000 853 1042 ⁷5
877 991 973 1042 tamen
991 984 1069 1040 illius
1088 986 1210 1056 (Naevii)
1229 987 1290 1041 bel·

115 1059 265 1114 videantur
282 1059 411 1114 Athenae
429 1059 569 1129 peperisse
590 1061 675 1127 atque
729 1057 789 1111 lum
807 1056 943 1112 Punicum
966 1058 1046 1126 quasi
1065 1057 1195 1128 Myronis
1218 1073 1289 1127 opus

116 1130 146 1185 in
168 1130 256 1184 vitam
279 1128 424 1183 hominum
450 1129 590 1197 attulisse,
614 1130 676 1184 tum
731 1128 861 1183 delectat
881 1126 951 1184 ibid.
969 1144 994 1183 re
1013 1127 1061 1198 qui
1080 1129 1183 1183 multas
1204 1128 1290 1183 docu-

116 1199 188 1256 nihil
206 1200 307 1255 melius
325 1200 382 1256 illis
401 1203 550 1271 mysteriis,
573 1199 674 1268 quibus
729 1202 811 1254 erunt
833 1199 942 1254 fabulas
967 1199 1087 1254 Plnutne
1110 1202 1139 1255 et
1156 1200 1289 1254 Naccine.

116 1289 151 1327 ex
170 1272 276 1341 agresti
298 1272 469 1340 immanique
488 1270 548 1327 vita
571 1271 674 1327 exculti
728 1269 766 1324 Er
780 1287 839 1326 war
857 1271 1069 1325 entechiedener
1083 1270 1194 1339 Gegner
1208 1272 1290 1341 jeder

117 1343 154 1398 ad
167 1343 373 1398 humanitatem
388 1343 418 1397 et
427 1342 552 1412 mitigati
566 1360 673 1410 sumue;
728 1340 981 1397 hellenisierendcn
994 1341 1139 1411 Richtung
1156 1343 1214 1396 und
1229 1342 1288 1396 sein

116 1415 256 1482 initiaque
275 1415 409 1482 (veterni)
428 1415 461 1468 ut
485 1413 674 1483 appellantur,
728 1411 803 1481 Epos
834 1412 873 1467 im
905 1413 1109 1468 nationalen
1141 1410 1287 1480 Versmalt,

115 1485 158 1539 ita
175 1501 206 1539 re
224 1502 292 1540 vera
313 1484 453 1554 principia
471 1485 548 1540 vitae
572 1501 674 1554 cogno·
729 1484 793 1538 dem
801 1483 1003 1551 saturnischen,
1014 1483 1166 1553 gedichtet.
1177 1485 1288 1539 Ebenso

115 1555 222 1624 vimus,
250 1572 340 1625 neque
364 1555 454 1611 solum
478 1573 541 1611 cum
564 1554 675 1612 laetitia
728 1557 795 1623 trug
818 1555 893 1610 scine
913 1554 1034 1624 Sprachc
1060 1555 1114 1608 deu
1134 1553 1291 1610 Charakter

115 1626 227 1682 vivendi
254 1626 394 1682 rationem
422 1628 596 1696 accepimus,
624 1629 674 1682 scd
727 1625 966 1694 unverfolschten,
994 1625 1195 1681 eltrcmiscnen
1218 1627 1290 1681 Ans·

116 1696 203 1753 etiam
226 1715 289 1754 cum
316 1714 365 1768 spe
388 1699 504 1753 meliore
528 1699 673 1754 moriendi.
728 1697 839 1752 druchs.

118 1768 190 1835 Quid
218 1772 312 1824 autem
343 1769 414 1823 mihi
442 1769 618 1839 discipliceant
644 1769 674 1824 in
762 1767 870 1823 Nasica
888 1787 909 1822 e.
929 1767 1060 1824 Cornelii.

116 1843 259 1896 nocturnis
277 1842 378 1910 poetae
396 1841 524 1896 indicant
542 1840 650 1897 comici.
762 1839 796 1894 Il·
816 1839 943 1894 Porcius
961 1838 1069 1894 Naelca
1086 1858 1106 1894 s.
1125 1839 1249 1895 Porcius.

763 1909 926 1966 Naucrates
943 1908 969 1962 II
983 1926 1018 1966 ci.
1037 1910 1131 1965 III1re
1149 1927 1199 1965 uus
1221 1911 1292 1981 Ery-

374 1959 415 2014 N·
727 1982 801 2048 thri,
821 1983 893 2036 auch
912 1999 968 2036 von
981 1981 1062 2037 Dion.
1077 1981 1140 2036 Hal.
1157 1983 1191 2036 de
1206 1981 1286 2038 Isaeo

152 2051 192 2108 nl.
220 2051 348 2107 Naevius
376 2051 402 2106 Il
425 2066 473 2107 ane.
509 2053 555 2106 An
583 2052 674 2107 dieser
729 2057 763 2106 19
782 2055 864 2107 unter
882 2051 928 2106 dic
946 2054 1016 2107 Zahl
1034 2053 1090 2106 τῶν
1110 2051 1290 2124 συμβιωσάν-

117 2123 204 2178 Stella
218 2122 256 2177 ist
269 2123 500 2178 wahrscheinlioh
514 2123 674 2179 derVolks·
728 2143 783 2177 ταν
808 2119 957 2193 Ἰσοκράτει
980 2122 1030 2178 καὶ
1052 2119 1102 2178 τὸν
1125 2125 1291 2194 χαρακτῆρα

115 2194 210 2248 tribnn
232 2211 297 2249 vom
315 2194 340 2248 J.
356 2199 407 2248 185
426 2192 463 2248 M.
482 2193 605 2251 Naevius
627 2213 674 2266 ge·
728 2195 777 2262 τῆς
796 2189 946 2265 ἑρμηνείας
965 2189 1077 2249 ἐκείνου
1097 2191 1291 2265 ἐκμιμησαμέ-

116 2265 217 2333 meint,
239 2265 387 2319 ‘adversus
411 2282 494 2334 quem
520 2265 611 2322 oratio
633 2267 675 2321 in·
728 2285 786 2319 nun
805 2264 962 2334 gerechnet.
997 2269 1030 2319 N.
1050 2267 1109 2320 trat
1127 2267 1179 2320 mit
1197 2267 1290 2322 Theo-

117 2335 223 2406 scripta
246 2337 276 2392 P.
296 2335 421 2391 Africani
439 2337 589 2406 (Scipionis
616 2355 675 2393 ma·
728 2352 846 2406 pompus
860 2355 886 2391 u.
898 2335 1069 2391 Theodectes
1083 2337 1289 2407 (uaeheinigen

115 2407 194 2476 ioris)
214 2408 267 2463 est’
288 2406 349 2462 Liv.
369 2413 412 2477 39,
427 2424 462 2464 sa.
492 2407 563 2463 Gell.
583 2409 621 2464 IV
641 2414 674 2464 18
729 2408 802 2462 auch
825 2405 879 2462 mit
901 2407 1049 2475 Isocrates)
1072 2407 1113 2462 im
1136 2408 1160 2462 J.
1180 2413 1232 2462 352
1256 2409 1288 2463 in

117 2479 186 2533 Cum
213 2477 249 2535 M.
278 2479 400 2534 Naevius
427 2479 555 2534 tribunus
582 2479 674 2550 plebis
728 2476 820 2532 einem
834 2495 889 2534 von
902 2477 1056 2533 Artemisia
1069 2496 1132 2533 zum
1146 2479 1224 2533 Preis
1239 2479 1290 2535 des

116 2552 261 2605 accusaret
277 2566 340 2604 eum
356 2551 391 2604 ad
405 2551 540 2620 populum
555 2551 673 2606 diceret·
728 2548 834 2618 Konigs
859 2550 1001 2605 Mausolus
1027 2566 1082 2605 von
1105 2550 1210 2604 Karion
1238 2569 1292 2606 an·

117 2637 181 2690 que,
200 2622 341 2691 accepisse
355 2638 373 2675 a
386 2639 453 2691 rege
466 2623 607 2677 Antiocho
626 2640 674 2692 pe·
727 2620 879 2689 gestellten
894 2621 1056 2676 Wettstreit
1069 2620 1109 2675 im
1123 2637 1213 2690 genus
1228 2622 1289 2691 epi—

117 2693 241 2760 cuniam‚
264 2694 297 2747 ut
315 2691 521 2748 conditionibus
540 2693 673 2763 gratiosis
728 2690 879 2746 deicticum
912 2693 971 2761 ani,
1004 2692 1100 2747 warde
1133 2693 1201 2747 aber
1232 2709 1291 2748 von

116 2764 146 2817 et
164 2764 295 2818 mollibus
309 2781 365 2832 pax
384 2781 448 2818 cum
464 2780 497 2820 eo
511 2762 673 2834 populiRc·
727 2762 924 2832 Theopompus
951 2763 1070 2834 besicgt.
1108 2762 1164 2819 Cic.
1184 2779 1223 2818 or.
1249 2780 1289 2820 rue

116 2835 193 2890 mani
206 2835 408 2890 nominefieret
418 2835 594 2904 etquaedam
604 2835 673 2891 item
727 2840 815 2889 neunt
828 2834 981 2889 Isocratem
998 2834 1206 2904 discipulosque
1226 2833 1288 2890 eius

118 2905 176 2960 alia
190 2905 301 2961 crimini
315 2907 396 2961 daret
408 2906 526 2978 indigna
539 2907 593 2961 tali
604 2908 674 2976 viro,
728 2905 874 2975 Ephorum
902 2907 931 2960 et
956 2905 1125 2961 Naucratem
1153 2905 1287 2961 orationis

115 2978 176 3031 tum
199 2978 293 3048 Scipio
316 2993 407 3047 pauca
425 2978 581 3047 praefatus,
602 2994 674 3047 quae
728 2976 876 3031 faciendae
895 2980 924 3030 et
942 2977 1083 3032 ornandae
1102 2979 1231 3031 auctores
1245 2977 1288 3032 lo·

117 3048 241 3118 dignitas
269 3046 345 3103 vitae
374 3064 441 3103 suae
470 3054 555 3118 atque
583 3049 675 3119 gloria
729 3046 945 3115 cupletissimos.

115 3119 290 3189 postulabat:
311 3119 469 3186 ‘nemerim
489 3117 588 3186 inquit,
608 3118 675 3185 Qui·
763 3117 975 3185 Neoptolemus
994 3116 1020 3169 Π
1035 3131 1086 3185 1563
1102 3133 1141 3173 257
1153 3114 1290 3188 Ἀχιλλῆος

116 3188 193 3257 rites,
212 3195 311 3258 repeto,
329 3189 404 3244 diem
423 3205 483 3243 esse
499 3189 673 3258 hodiernum,
728 3183 898 3257 μεγαθύμου
919 3190 1056 3258 φαίδιμος
1074 3186 1144 3256 υἱός,
1163 3188 1217 3242 mit
1235 3190 1289 3245 eci-

115 3276 171 3328 quo
194 3258 381 3314 Hannibalem
403 3259 528 3313 Poenum
555 3257 673 3328 imperio
727 3272 792 3311 nem
816 3256 1006 3327 eigcntlichen
1030 3258 1140 3315 Namen
1163 3260 1288 3331 Pyrrhus

115 3331 209 3385 vestro
218 3327 440 3384 inimicissimum
451 3345 554 3398 magno
565 3329 673 3397 proelio
727 3331 859 3399 genennt.
894 3329 1034 3386 Eristos
1054 3332 1287 3401 (indergleioh-

115 3400 170 3456 vici
193 3403 222 3454 in
244 3403 320 3455 terra
342 3398 440 3454 Airica
462 3416 617 3469 pacemque
645 3401 673 3455 et
727 3400 860 3470 namigen
878 3399 1016 3471 Tragodie
1037 3401 1085 3456 des
1100 3402 1217 3474 Ennius)
1236 3403 1287 3472 qui

116 3472 263 3527 victoriam
293 3470 374 3526 vohis
405 3472 503 3540 peperi
534 3472 674 3541 inspecta·
727 3471 933 3541 degustandum
947 3472 1285 3544 exphilosophiacenset,

114 3543 200 3597 bilem
212 3544 258 3613 (al.
270 3541 489 3614 insperabilem).
508 3544 572 3598 Nou
586 3543 673 3614 igitur
726 3560 783 3598 non
803 3542 1043 3614 ingurgitandnm.
1080 3545 1161 3598 Dcnn
1179 3547 1228 3600 das
1246 3545 1287 3600 iet

116 3613 202 3669 simus
230 3613 379 3670 adversum
407 3615 474 3671 deos
502 3615 608 3685 ingrati
636 3617 672 3683 et,
727 3615 776 3668 der
795 3614 862 3670 Sinn
881 3632 936 3671 von
959 3616 1083 3671 demost
1105 3616 1285 3685 sprichwort-

116 3686 419 3755 censeo,relinquamus
427 3687 583 3743 nebulonem
590 3688 672 3756 tnnc,
725 3684 784 3740 lich
802 3685 989 3756 angefuhrten
1006 3687 1089 3743 Vere:

115 3772 211 3812 eamus
234 3758 300 3812 hinc
323 3758 449 3828 protinus
472 3757 538 3814 Jovi
565 3759 672 3827 optimo
762 3755 960 3826 Philosophari
973 3761 1017 3813 eet
1031 3757 1101 3813 mihi
1114 3773 1237 3827 necesse,
1252 3761 1284 3814 at

115 3827 237 3883 maximo
261 3829 453 3899 gratulatum!
491 3828 524 3883 Id
547 3847 610 3884 cum
629 3828 672 3883 di·
886 3829 993 3899 paucis,
1007 3845 1072 3884 nam
1087 3830 1199 3884 omnino
1215 3831 1287 3886 haut

114 3900 210 3970 xieset,
229 3900 331 3954 avertit
350 3901 379 3955 et
392 3899 433 3955 ire
450 3901 486 3954 ad
501 3898 671 3968 Capitolium
1098 3899 1194 3969 placet

115 3971 215 4039 coepit.
240 3971 311 4025 Tum
330 3970 424 4026 contio
443 3969 580 4039 universa,
600 3987 671 4038 quae
761 3969 973 4039 Degustaneum
993 3972 1082 4039 exet,
1101 3988 1158 4026 non
1176 3970 1285 4027 ineam

115 4043 328 4097 adsentantium
339 4039 515 4110 deScipione
527 4041 671 4096 ferendam
884 4040 1115 4111 ingurgitandum
1134 4044 1234 4098 censeo

115 4114 292 4182 convenerat,
311 4113 410 4168 relicto
429 4111 542 4166 tribuno
562 4111 671 4181 Scipio·
1098 4112 1255 4184 (Ribbeck).

114 4198 179 4238 nem
198 4185 228 4238 in
246 4184 416 4252 Capitolium
434 4182 568 4238 comitata
586 4186 669 4252 atque
725 4181 806 4236 Tusc.
826 4181 852 4235 II
872 4199 891 4236 1.
930 4181 1001 4237 Gell.
1021 4182 1055 4238 N.
1075 4181 1108 4239 A.
1128 4185 1153 4238 V
1173 4191 1206 4240 15

113 4253 179 4312 inde
198 4256 235 4311 ad
254 4255 338 4311 aedes
357 4256 417 4310 eius
436 4271 499 4310 cum
517 4254 628 4310 laetitia
642 4256 671 4310 et
761 4250 793 4307 C.
806 4249 948 4310 Claudius
963 4253 1041 4310 Nero
1055 4254 1131 4311 llere
1150 4257 1282 4315 chirius

113 4326 303 4394 gratulatione
318 4326 434 4382 solemni
452 4329 601 4394 prosecuta
618 4328 669 4394 cst,
725 4322 875 4381 Salinator.
