2842 4778
107 265 173 330 498
484 265 531 320 DE
551 263 722 322 ORATORE
743 267 783 320 111
802 271 845 336 54,
860 282 908 322 ror.

108 431 142 492 et
160 428 301 493 eiusdem
317 428 407 492 verbi
427 428 569 492 crebrius
588 428 689 513 positi
709 429 866 514 quaedam
890 429 1058 495 distinctio
1074 433 1106 493 et
1120 426 1285 494 revocatio
1302 450 1315 490 r

108 517 198 582 verbi
218 521 251 581 et
273 517 340 599 illa,
364 538 445 600 quae
470 517 619 582 similiter
642 517 795 582 desinunt
818 523 875 583 aut
894 540 976 602 quae
995 518 1115 584 cadunt
1133 515 1316 582 similitera

108 611 165 670 eut
188 627 270 690 quae
299 606 432 688 paribus
461 606 554 688 paria
576 606 761 671 referuntur
789 611 846 672 aut
869 629 951 691 quae
975 611 1051 673 sunt
1074 606 1160 672 inter
1183 627 1217 671 se
1243 603 1315 668 si-a

53 711 107 760 207
119 695 219 760 milia.
255 694 317 759 Est
340 694 437 758 etiam
461 693 612 778 gradatio
632 696 789 778 quaedam
814 699 848 760 et
870 697 1038 761 conversio
1062 700 1095 760 et
1112 695 1317 760 verboruma

109 785 266 849 concinna
286 783 503 867 transgressio
523 788 555 846 et
574 784 774 848 contrarium
792 788 825 848 et
845 784 1040 850 dissolutum
1059 789 1092 849 et
1111 780 1314 848 declinatioe

109 974 165 1025 qua
187 974 274 1011 unum
297 959 469 1012 adverbum
490 958 586 1027 plures
605 973 667 1012 sen·

108 1028 214 1083 tentiae
233 1028 412 1096 referuntur’‚
434 1047 457 1085 z.
476 1027 509 1083 B.
528 1027 599 1084 vicit
616 1045 666 1098 pu·

108 1101 205 1154 dorem
239 1097 341 1169 libido,
378 1097 508 1154 timorem
540 1099 667 1168 audacia,

107 1171 246 1226 rationem
270 1169 395 1224 amentia
414 1169 519 1240 (Quint.
537 1170 578 1223 IX
597 1175 622 1240 3,
641 1186 667 1226 ea

108 1239 349 1311 συνεζευγμένον).

139 1313 310 1382 propresis,
337 1312 489 1382 procrescit
517 1313 607 1368 oratio
639 1316 669 1368 et

106 1384 196 1439 veluti
238 1383 415 1452 progreditur
454 1382 667 1452 incrementum,

109 1453 203 1520 Quint.
222 1453 289 1508 VIII
307 1461 333 1518 4,
352 1470 378 1520 a,
403 1473 425 1509 a.
445 1454 476 1509 B.
494 1455 603 1510 facinus
624 1458 668 1510 est

107 1524 213 1581 vincire
227 1525 319 1580 civem
328 1524 494 1594 Romanum,
505 1524 596 1581 scelus
606 1543 668 1581 ver·

107 1599 217 1663 berare,
240 1613 328 1666 prope
350 1594 532 1666 parricidium
558 1613 668 1667 necare,

107 1666 176 1738 quid
194 1667 289 1722 dicam
307 1670 338 1723 tn
356 1683 468 1722 crucem
486 1667 606 1723 tollere?

144 1745 168 1794 1.
187 1741 306 1795 eosdm
323 1741 399 1796 verbi
410 1769 443 1779 -
454 1740 603 1796 diseretio.
631 1741 668 1794 ad

106 1812 172 1867 Her.
190 1810 230 1864 IV
251 1814 292 1879 14,
312 1826 337 1865 so
356 1810 497 1864 traductio
517 1812 574 1878 est,
594 1825 667 1878 quae

106 1881 184 1946 facit,
198 1883 237 1949 ιιι,
253 1898 316 1935 oum
330 1879 407 1934 idem
417 1881 533 1934 verbum
543 1879 667 1934 crebrius

106 1953 241 2022 ponatur,
269 1967 325 2005 non
349 1951 432 2005 modo
460 1965 517 2004 non
542 1948 668 2006 offendat

108 2024 245 2090 animum,
274 2020 324 2075 sed
348 2021 434 2074 etiam
460 2021 667 2076 concinniorem

106 2091 263 2147 orationem
286 2091 401 2159 reddat,
427 2111 449 2146 z.
469 2091 499 2148 B.
524 2090 572 2162 qui
595 2092 668 2147 nihil

106 2162 233 2218 habetin
246 2164 306 2217 rita
319 2161 467 2218 iucundius
481 2164 550 2231 uita,
564 2163 589 2217 is
603 2180 667 2218 cum

106 2234 211 2291 virtute
227 2236 313 2288 citum
327 2250 384 2289 non
397 2236 494 2304 potest
508 2234 612 2302 colere3
632 2234 667 2290 de

107 2322 146 2361 or,
164 2304 204 2359 111
222 2320 248 2373 ις
268 2306 303 2360 de
321 2303 389 2376 imp.
409 2303 457 2360 On.
476 2305 553 2360 Pom.
574 2323 594 2360 1.

141 2379 277 2433 revocatio
303 2378 393 2444 verbi,
424 2396 470 2431 um
503 2377 577 2432 noch
605 2376 667 2434 eine

106 2449 221 2503 weitere
246 2447 442 2518 Bestimmung
470 2448 557 2503 daran
585 2465 667 2503 anzu-

98 2519 244 2589 *kniipfem
269 2520 321 2574 wie
345 2519 439 2586 Quint.
458 2517 498 2572 IX
516 2524 540 2588 3,
559 2535 588 2574 rc
615 2537 666 2575 aus

108 2590 205 2645 Cicero
220 2589 250 2643 in
266 2589 350 2645 cml
364 2588 493 2644 anfiihrt:
511 2589 559 2645 hic
573 2592 668 2647 tamen

106 2661 190 2728 vivit3
219 2661 308 2716 vivit?
335 2657 422 2718 immo
445 2677 512 2717 vero
534 2663 619 2717 etiarn
638 2661 668 2717 in

106 2736 235 2788 senatum
253 2733 340 2789 venit.

142 2810 168 2860 2.
187 2821 256 2874 quoe
274 2804 401 2860 similiter
414 2804 553 2870 desinunt,
573 2801 667 2873 ὁμοιο-

107 2875 233 2930 τὲλευτα.
252 2875 289 2929 ad
303 2875 369 2930 Her.
383 2875 422 2928 IV
432 2879 476 2944 20,
490 2890 516 2929 ae
535 2873 667 2929 similiter

106 2947 231 3002 desineres
258 2950 314 3015 est,
343 2963 420 3013 cum,
447 2946 563 3001 tametsi
586 2962 667 3001 casus

107 3033 164 3071 non
181 3018 278 3071 ineunt
295 3018 327 3071 in
344 3016 453 3082 verbis,
471 3017 569 3071 tamen
588 3017 666 3070 simi-

106 3088 147 3141 les
163 3087 254 3141 exitus
269 3091 343 3155 sunt,
360 3106 382 3142 z.
397 3085 428 3141 B.
443 3087 565 3168 turpIter
580 3086 666 3141 audes

107 3157 207 3225 facere,
222 3157 353 3226 nequiter
362 3154 459 3211 studes
472 3157 579 3222 drcera3
593 3157 666 3212 vivis

106 3227 253 3292 invidiose,
268 3225 408 3294 delinquis
422 3225 555 3293 studiose,
569 3227 667 3296 loque·

107 3298 145 3352 ris
164 3297 268 3352 odiose.
305 3297 452 3367 Dagegen:

221 3479 226 3492 ⁸
340 3481 347 3507 ¹

108 3510 254 3567 exornatio
265 3509 432 3581 appellatur,
449 3526 511 3564 cum
526 3508 667 3566 incudem

109 3584 316 3639 constructione
349 3583 498 3637 verborum
531 3581 586 3636 duo
619 3585 669 3636 aut

107 3655 189 3726 plura
217 3658 283 3710 sunt
309 3654 408 3722 verba,
437 3668 510 3723 quae
538 3651 669 3707 similiter

108 3727 206 3782 eisdem
224 3727 334 3782 casibus
353 3724 514 3794 efferuntur,
534 3744 555 3779 a.
569 3723 601 3778 Β.
617 3724 667 3779 ho·

107 3797 214 3850 minem
242 3798 353 3852 laudem
385 3798 516 3865 egentem
543 3794 667 3863 virtutis,

107 3866 299 3922 abundantem
317 3865 481 3920 felicitatis?
497 3898 528 3906 —
544 3866 666 3921 Homdo·

106 3934 665 4005 teleutaundHomdoptotaverbunden:

106 4006 299 4078 perditissima
321 4006 394 4061 ratio
413 4008 457 4061 eet
474 4022 599 4060 amorem
617 4022 666 4075 pe-

107 4081 177 4145 tere,
195 4079 332 4149 pudorem
350 4078 455 4146 fugere,
475 4076 594 4148 diligere
613 4077 666 4133 fcr-

107 4168 192 4219 mam,
210 4149 360 4221 neglegere
379 4147 493 4203 famam.

143 4228 167 4277 3.
182 4239 252 4292 quoe
266 4222 385 4292 paribus
402 4220 487 4290 paria
499 4219 667 4288 referantur,

108 4288 239 4362 ἰσόκωλα,
251 4292 396 4348 ‘membris
406 4290 594 4360 aequalibus'‚
605 4310 627 4344 z.
638 4290 665 4343 B.

108 4364 133 4418 si
150 4367 286 4434 quantum
306 4363 335 4418 in
350 4381 418 4434 agro
435 4361 560 4431 locisque
575 4360 664 4415 deser·

107 4436 144 4490 tis
162 4436 281 4490 audacia
299 4436 406 4504 potest,
428 4437 539 4490 tantum
557 4432 587 4486 in
604 4433 666 4487 foro

722 961 807 1028 atque
830 959 942 1013 iudiciis
965 959 1142 1029 impudentia
1165 958 1284 1024 valeret,

723 1027 817 1094 Qumt.
837 1029 875 1083 IX
894 1036 920 1098 3,
938 1045 973 1085 oo.

756 1117 826 1170 qaae
839 1107 904 1156 sunt
917 1102 1026 1156 interce
1039 1102 1152 1167 cicadiu,
1166 1097 1285 1169 πάρισα,

721 1189 743 1225 a.
758 1171 789 1226 B.
813 1187 870 1226 uon
894 1170 968 1226 enim
987 1173 1047 1226 tam
1064 1188 1124 1242 spes
1142 1170 1286 1226 laudanda

723 1258 808 1310 quam
825 1259 869 1299 res
887 1244 938 1311 est,
959 1242 1027 1298 oder
1045 1244 1181 1312 quantum
1194 1243 1286 1311 poesie

722 1313 751 1366 in
776 1329 809 1368 eo
833 1329 943 1383 semper
971 1315 1097 1384 experire
1124 1314 1157 1367 ut
1181 1314 1282 1382 prosis.

722 1382 816 1449 Quint.
836 1383 875 1438 IX
893 1390 918 1454 3,
937 1399 971 1441 75.

757 1461 782 1509 4.
801 1457 945 1525 predatio,
962 1457 1073 1525 κιῖμαξ.
1110 1455 1146 1510 ad
1163 1453 1228 1509 Her.
1243 1454 1284 1509 IV

721 1529 765 1593 25,
784 1541 811 1581 aa
829 1544 870 1596 gu
890 1531 940 1594 est,
959 1525 989 1581 in
1008 1544 1063 1596 qua
1080 1543 1137 1581 non
1160 1527 1226 1580 ante
1245 1526 1284 1579 ad

722 1613 895 1667 consequens
938 1599 1053 1653 verbum
1095 1596 1282 1665 descenditur,

722 1683 807 1736 quam
825 1669 862 1723 ad
881 1670 1009 1738 superius
1029 1684 1210 1724 conscensum
1229 1671 1282 1736 est,

722 1756 744 1794 a.
763 1738 796 1793 Β.
820 1738 952 1794 Africano
977 1738 1110 1795 virtutem
1133 1739 1282 1807 industria,

722 1809 811 1864 virtus
821 1809 949 1879 gloriam,
964 1810 1056 1880 gloria
1066 1809 1192 1866 aemulos
1207 1825 1283 1864 com-

722 1879 841 1948 paravit.
864 1912 893 1920 -
914 1880 1010 1936 Habet
1034 1882 1064 1936 in
1087 1899 1117 1936 se
1141 1879 1283 1951 quendam

721 1949 846 2021 leporem
866 1951 1016 2022 superioris
1032 1953 1167 2022 cuiusque
1184 1951 1284 2007 crebra

721 2020 853 2090 repetitio
881 2024 973 2091 verbi,
1001 2040 1074 2093 quae
1101 2022 1215 2094 propria
1240 2024 1284 2078 est

720 2092 804 2146 huius
824 2093 1022 2149 exornationis.

757 2167 903 2233 converse,
922 2160 1138 2236 ἄντιμεταβοιή.
1164 2165 1202 2221 ad
1216 2164 1282 2220 Her.

721 2233 760 2287 IV
770 2239 813 2303 28,
827 2251 853 2291 ea
872 2236 1054 2291 commutatio
1068 2239 1203 2308 genennt,
1219 2252 1283 2291 cum

722 2305 794 2360 duae
814 2308 970 2363 sententiae
984 2308 1060 2362 inter
1077 2324 1107 2361 se
1123 2307 1282 2375 discrepan-

721 2377 764 2430 tes
784 2394 817 2432 ex
835 2378 1002 2433 traiectione
1016 2378 1058 2434 ita
1071 2378 1232 2445 efferuntur,
1251 2380 1284 2433 ιιι

721 2463 739 2500 a
757 2448 850 2516 priore
873 2451 1012 2519 posterior
1030 2449 1172 2505 contraria
1194 2447 1283 2518 priori

720 2518 926 2588 proficiscatur,
947 2540 967 2574 a.
987 2521 1019 2575 Β.
1039 2521 1151 2590 oportet
1169 2535 1231 2574 esse
1250 2525 1284 2574 ut

722 2590 810 2658 vivas,
829 2608 886 2646 non
904 2590 998 2647 vivere
1016 2594 1049 2647 ιιι
1067 2591 1143 2659 edas,
1163 2591 1230 2646 oder
1248 2607 1284 2647 ea

721 2662 1088 2802 supremum
1107 2661 1284 2788 uersu

1093 2775 1101 2801 5

721 2820 837 2873 possum
856 2804 930 2860 nolo.
955 2803 1021 2874 Vgl.
1036 2803 1206 2859 chamisso's
1224 2804 1282 2858 Ka·

721 2891 790 2929 non:
810 2876 860 2929 das
878 2876 917 2929 ist
935 2875 980 2929 die
995 2876 1053 2930 Not
1071 2874 1121 2929 der
1139 2877 1283 2931 schweren

721 2945 795 2999 Zeirr
825 2944 883 2998 Das
897 2945 936 2999 ist
953 2944 1000 3001 die
1019 2947 1143 3002 schwere
1158 2945 1220 3001 Zeit
1233 2946 1284 3001 der

721 3015 792 3070 Noti
817 3015 874 3070 Das
892 3015 931 3068 ist
950 3015 995 3069 die
1015 3018 1138 3072 schwere
1153 3016 1213 3072 Not
1232 3016 1282 3072 der

719 3085 796 3210 1quitl
815 3085 874 3138 Das
887 3085 927 3139 ist
941 3085 986 3140 die
1001 3087 1062 3142 Zeit
1076 3087 1126 3142 der
1140 3089 1283 3143 schweren

748 3158 790 3210 ott

756 3226 899 3281 cetorum
926 3229 1064 3284 scampno
1090 3229 1283 3300 transprcssio,

721 3293 888 3368 ὑπέρβατον.
908 3297 945 3351 ad
957 3298 1022 3354 Her.
1031 3300 1070 3354 IV
1081 3305 1124 3370 32,
1133 3315 1161 3356 44
1179 3301 1214 3354 tr.
1229 3301 1282 3370 est,

722 3383 795 3438 quae
813 3369 963 3424 verborum
987 3370 1135 3440 perturbat
1154 3369 1282 3427 ordinem

721 3439 901 3510 perversione
930 3443 980 3496 aut
1006 3442 1173 3497 traiectione
1201 3462 1224 3496 z.
1248 3441 1281 3497 B.

722 3512 776 3566 hoo
794 3510 875 3566 vobis
893 3510 959 3568 deos
972 3512 1148 3568 immortales
1163 3513 1284 3569 arbitror

722 3582 833 3638 dedisse
846 3582 956 3653 pietate
970 3600 1021 3653 pro
1035 3586 1139 3652 vestra,
1159 3585 1227 3638 oder
1240 3584 1282 3638 in·

722 3653 833 3708 stabilis
851 3655 881 3708 in
899 3654 987 3710 istum
1002 3653 1153 3725 plurimum
1168 3653 1283 3709 fortuna

721 3723 819 3780 valuit.
852 3724 1021 3781 Huiusmodi
1043 3726 1186 3794 traiectio,
1212 3742 1283 3795 quoe

720 3812 776 3851 rem
794 3811 851 3852 non
868 3798 961 3852 reddet
981 3797 1135 3864 obscuram,
1160 3797 1282 3851 multum

720 3865 1281 3937 proderitadcontinuationesfferioden·

719 3935 861 4007 bildung)¹
885 3939 915 3991 in
938 3936 1040 4007 quibus
1064 3939 1177 4007 oportet
1194 3937 1284 3993 verba

720 4007 804 4061 sicuti
831 4008 867 4063 ad
894 4008 1036 4077 poeticum
1066 4010 1207 4077 quendam
1235 4025 1282 4064 ex·

721 4080 828 4132 struere
856 4094 1010 4147 numerum,
1039 4080 1071 4133 ut
1098 4079 1224 4149 perfecte
1253 4083 1284 4136 et

720 4147 1281 4219 perpolitissimepossintesseabsolutae.

722 4216 817 4284 Quint.
835 4217 901 4272 VIII
922 4224 947 4286 6,
966 4235 1000 4274 ra.

757 4293 782 4343 ι.
801 4292 985 4358 contrarium,
1009 4285 1175 4357 ἀντίθετον,
1198 4288 1284 4346 ἐναν-

720 4355 823 4428 τιότης.
862 4362 898 4414 ad
922 4362 986 4415 Her.
1006 4361 1045 4416 IV
1065 4365 1111 4429 18,
1130 4375 1157 4416 ιι
1186 4378 1209 4416 o.
1230 4366 1284 4433 est,

721 4428 797 4500 quod
816 4447 850 4486 ex
867 4430 951 4486 rebus
975 4430 1091 4486 diversis
1114 4429 1222 4486 duabus
1241 4433 1283 4487 al-
