2842 4778
116 210 181 275 506
450 208 499 262 DE
518 206 689 263 ORATORE
708 206 748 260 111
768 211 815 275 59,
834 221 958 262 arr-aaa.

118 373 317 457 subsequens
341 371 452 456 verba,
474 392 542 435 nou
560 370 758 453 exprimens3
781 369 970 434 bracchium
989 371 1153 453 procerius
1173 371 1324 454 proiec·1

63 502 65 506 -
116 467 187 526 tum
214 462 306 544 quasi
336 459 498 544 quoddam
521 458 625 523 telum
649 459 820 543 orationis3
850 459 1016 543 supplosio
1040 459 1132 542 pedis
1156 459 1191 523 in
1214 481 1323 524 222-2

115 549 316 614 tentionibus
341 551 398 613 aut
411 547 603 633 incipiendis
618 552 676 612 aut
689 546 848 612 finiendis.
885 545 948 611 Sed
963 547 998 611 in
1012 569 1067 611 ore
1083 551 1159 611 sunt
1173 548 1294 613 omnia.

63 636 165 702 22112
188 659 226 703 22
251 641 361 702 22222
384 636 457 720 ipso
481 636 666 701 dominatus
691 639 742 700 est
760 636 865 700 omnis
885 637 1066 719 oculorum3
1090 658 1155 720 quo
1175 637 1294 701 melius

116 725 222 791 nostri
249 726 298 790 illi
326 746 434 810 senes,
462 725 518 808 qui
540 728 751 808 personatum
775 745 816 788 ne
840 723 993 790 Roscium
1017 724 1147 808 quidem
1171 745 1322 810 magnos

116 835 212 898 opere
234 813 422 879 laudabant.
467 813 579 878 Animi
604 816 653 877 est
676 813 762 877 enim
782 813 887 878 omnis
908 813 993 878 actio
1013 818 1045 877 22
1063 813 1172 898 imago
1192 815 1295 878 animi

115 903 239 989 vultus,
261 901 385 967 indices
409 902 502 968 oculi.
548 900 634 967 Nam
656 902 737 966 haec
760 904 898 966 222222
921 924 998 986 pars
1022 902 1178 986 corporis,
1201 924 1322 987 quae‚r

116 995 197 1077 quot
224 991 323 1056 animi
351 995 459 1056 motus
484 993 572 1074 2222,
599 993 651 1054 222
680 990 935 1075 significationes
965 995 998 1055 22
1021 991 1294 1056 commutationes

116 1081 223 1164 possit
246 1079 382 1145 efficere.
414 1078 529 1163 Neque
554 1100 629 1144 vero
649 1082 699 1143 ost
716 1079 887 1163 quisquam
906 1079 963 1163 qui
982 1079 1094 1144 eadem
1113 1081 1292 1145 connivens
1308 1102 1322 1142 2

116 1170 245 1235 efficiat.
272 1168 517 1254 Theophrastus
533 1167 662 1252 quidem
672 1168 862 1233 Tauriscum
878 1168 1040 1253 quondam
1055 1167 1134 1232 dicit
1148 1171 1293 1233 actorem

116 1279 266 1323 aversum
294 1257 428 1322 solitum
456 1278 526 1321 esse
555 1257 673 1335 dicere,
702 1257 757 1340 qui
780 1257 814 1320 in
838 1257 965 1342 agendo
989 1261 1144 1322 22222222
1169 1257 1292 1340 aliquid
1308 1281 1335 1319 ιι

63 1361 114 1409 222
123 1345 360 1430 pronuntiaret.
411 1345 516 1422 Quare
546 1345 714 1410 oculorum
743 1349 793 1409 222
821 1365 942 1431 magna
970 1345 1156 1411 moderatio
1203 1343 1291 1411 Nam

115 1434 181 1499 oris
204 1456 272 1498 non
296 1437 346 1499 est
368 1433 505 1498 nimium
528 1434 684 1498 mutanda
707 1434 840 1518 species,
863 1455 904 1497 ne
928 1437 986 1499 aut
1008 1434 1050 1498 ad
1070 1433 1214 1518 ¹ineptias
1234 1438 1293 1500 aut

115 1523 155 1586 ad
183 1523 381 1606 pravitatem
409 1522 553 1606 aliquam
583 1522 774 1587 deferamur.
821 1521 914 1586 Oculi
942 1525 1031 1605 sunt,
1059 1544 1196 1607 quorum
1219 1528 1290 1587 tum
1305 1547 1335 1586 rr

115 1611 306 1695 intentione,
330 1615 399 1676 tum
423 1612 624 1694 remissione,
647 1615 716 1676 tum
741 1611 888 1676 coniectu
908 1614 978 1675 tum
996 1610 1162 1676 hilaritate
1180 1616 1290 1677 motus
1306 1633 1334 1676 22

115 1699 298 1765 animorum
327 1700 546 1785 significemus
574 1703 649 1783 apte
677 1721 749 1764 oum
779 1721 896 1784 genere
919 1700 992 1783 ipso
1016 1699 1183 1765 orationis.
1229 1699 1293 1765 Est

116 1789 201 1853 enim
224 1788 309 1853 actio
334 1789 426 1874 quasi
450 1809 554 1853 sermo
579 1789 737 1872 corporis,
761 1809 824 1871 quo
848 1789 954 1873 magis
979 1787 1081 1852 menti
1104 1809 1288 1874 congruens
1305 1813 1334 1853 rr

115 1898 186 1942 esse
208 1877 312 1942 debet.
359 1877 480 1943 Oculos
504 1881 613 1941 autem
636 1881 755 1941 natura
777 1876 881 1959 nobis,
904 1882 942 1941 ut
960 1898 1043 1960 equo
1063 1879 1096 1941 22
1113 1877 1201 1942 12222
1221 1899 1290 1942 sae·

114 1970 180 2050 tas,
211 1965 376 2048 caudam,'
393 1986 486 2029 aures
519 1965 560 2029 ad
593 1968 701 2030 motus
735 1966 918 2030 animorum
950 1965 1161 2031 declarandos
1194 1965 1291 2030 dedit.

61 2070 112 2119 223
126 2053 233 2130 Quare
256 2054 291 2118 in
313 2055 374 2118 hac
398 2058 510 2118 nostra
534 2054 661 2118 2222222
681 2054 856 2118 secundum
874 2075 986 2119 vocem
1005 2055 1116 2119 vultus
1136 2055 1238 2138 valet3
1261 2055 1290 2119 is

116 2145 225 2207 autem
253 2143 354 2207 oculis
384 2143 591 2227 gubernatur.
643 2142 751 2227 Atque
779 2144 814 2207 in
843 2143 889 2207 eis
913 2142 1078 2226 omnibus,
1106 2149 1292 2226 quaesunt

115 2230 268 2314 actionis,
296 2231 382 2296 inest
405 2230 563 2314 quaedam
586 2230 636 2296 vis
660 2253 680 2295 a
701 2235 819 2297 natura
842 2232 928 2296 data.
975 2230 1082 2307 Quare
1105 2233 1204 2296 22222
1227 2231 1291 2296 hac

113 2319 267 2404 imperiti,
284 2320 347 2384 hac
366 2319 493 2404 vulgus,
510 2319 572 2385 hac
587 2319 723 2403 denique
738 2319 869 2384 barbari
884 2322 1022 2384 maxime
1037 2325 1292 2386 commoventur.

113 2407 224 2473 Verba
251 2408 337 2472 enim
365 2409 528 2473 nemiuem
557 2412 689 2474 movent
711 2409 776 2472 nisi
799 2430 886 2492 eum,
914 2409 970 2493 qui
994 2408 1136 2473 eiusdem
1159 2409 1293 2493 linguae

114 2498 268 2561 societate
293 2498 483 2562 coniunctus
506 2501 570 2579 est3
600 2496 844 2582 sententiaeque
868 2518 964 2582 saepe
988 2502 1101 2562 acutae
1125 2519 1193 2562 nou
1217 2519 1292 2562 acu·

112 2588 220 2650 torum
235 2585 404 2649 hominum
420 2607 532 2650 222222
546 2586 804 2670 praetervolant;
820 2586 915 2671 actio,
929 2608 1011 2670 quae
1026 2607 1103 2670 prae
1119 2608 1152 2651 se
1163 2588 1291 2651 motum

114 2673 214 2738 animi
233 2673 307 2758 fert,
332 2695 443 2739 omnes
463 2679 586 2757 movet3
611 2674 732 2740 eisdem
752 2676 839 2740 2222
859 2675 1005 2740 222222
1024 2674 1125 2738 22222
1145 2674 1292 2739 motibus

113 2762 319 2827 concitantur
344 2767 377 2827 et
400 2784 456 2827 eos
480 2763 601 2828 eisdem
624 2764 713 2829 notis
735 2769 768 2829 et
791 2764 825 2828 in
849 2765 921 2829 aliis
946 2767 1128 2847 agnoscunt
1151 2767 1184 2828 22
1201 2763 1237 2827 in
1256 2784 1293 2828 se

114 2851 178 2935 ipsi
201 2851 354 2917 indicant.

149 3030 173 3080 1.
205 3027 379 3095 subsequens,
413 3026 595 3082 unvermerkt
626 3027 673 3080 be·
764 3032 789 3081 9.
813 3027 974 3095 coenaturus,
997 3026 1050 3079 mit
1072 3025 1294 3095 geschlossenen

112 3094 246 3166 gleitend.
728 3097 835 3165 Augen.

148 3171 173 3222 2.
184 3167 334 3237 crcpptoaia
344 3166 357 3219 Ι
368 3182 416 3223 222.
433 3167 527 3234 Quint.
536 3167 575 3222 XI
585 3173 609 3236 3,
623 3168 673 3222 arf.
766 3174 807 3222 11.
823 3183 947 3222 auersum
957 3198 990 3208 -
1002 3168 1052 3223 der
1064 3168 1129 3221 dem
1138 3165 1294 3222 Publilmm

96 3279 100 3287 .
149 3243 173 3292 5.
192 3244 386 3308 personatum,
413 3254 495 3294 wenn
519 3255 550 3293 er
571 3238 601 3292 in
625 3238 675 3293 der
729 3237 784 3294 den
816 3238 933 3293 Rdcken
964 3239 1083 3293 zukehrt
1114 3238 1190 3307 (dem
1223 3253 1293 3294 man

112 3324 167 3365 von
183 3308 238 3364 den
246 3307 674 3364 GriechenentlehntenSchau·
727 3309 809 3364 nicht
827 3309 870 3364 222
890 3307 1007 3364 Gesicht
1024 3309 1111 3364 sehen
1129 3308 1214 3376 kann,
1234 3324 1293 3365 von

112 3377 315 3447 spielermaske
334 3380 449 3447 cultrat,
469 3379 522 3435 wie
541 3381 592 3435 das
611 3384 674 3449 spt—
729 3381 793 3436 dem
820 3397 887 3436 man
910 3381 971 3435 also
994 3398 1047 3435 nur
1071 3378 1116 3434 die
1140 3378 1292 3435 Kehrseite

113 3452 157 3504 ter
175 3452 247 3507 auch
265 3453 296 3504 in
313 3451 386 3506 Rom
404 3449 501 3506 fiblich
519 3452 606 3507 ward.
728 3450 821 3519 sieht).

149 3528 172 3577 7.
197 3523 283 3591 ocati,
306 3522 351 3577 Or.
370 3538 397 3578 22
415 3520 511 3578 vultus
531 3539 605 3590 vero,
625 3522 674 3591 qui
763 3528 894 3579 22222222
908 3523 1025 3592 aliquid,
1044 3523 1131 3577 etwas
1146 3522 1293 3591 fixierend‚

111 3592 264 3646 secundum
282 3609 380 3648 vocem
399 3593 550 3664 plurimum
569 3595 671 3663 potest,
726 3595 798 3650 statt
829 3593 892 3650 dam
920 3592 1001 3663 Auge
1029 3591 1075 3647 die
1098 3592 1213 3648 freieste
1235 3592 1293 3648 Bc—

112 3667 248 3731 quantam
279 3663 379 3720 afferet
405 3667 466 3719 tum
494 3663 672 3736 dignitatem,
726 3682 825 3735 wegun
865 3684 900 3719 22
917 3665 1015 3720 122222.

112 3736 174 3789 tum
193 3738 382 3790 venustateml
401 3736 505 3804 inquo
524 3752 588 3791 cum
607 3735 672 3791 effe·
763 3743 805 3791 14.
827 3683 914 3805 Oculi,
934 3735 979 3791 Or.
998 3751 1032 3793 22.
1061 3733 1155 3800 Quint.
1169 3735 1208 3789 XI
1222 3741 1247 3803 3,
1263 3749 1294 3791 aa

114 3806 186 3860 ceris
204 3823 240 3860 ne
259 3805 327 3874 quid
345 3807 474 3877 ineptum
494 3810 543 3862 aut
561 3807 672 3862 vultuo-
728 3808 777 3862 scd
796 3808 825 3862 in
843 3807 905 3878 ipso
925 3807 1006 3862 vultu
1024 3807 1178 3877 plurimum
1192 3804 1293 3861 valent

112 3893 175 3930 sum
189 3877 234 3945 sit,
249 3880 309 3932 tum
324 3879 463 3934 oculoram
478 3880 521 3933 222
534 3878 672 3947 quaedam
728 3879 815 3946 22212,
848 3894 899 3949 per
929 3894 999 3947 quos
1030 3877 1151 3932 maxime
1179 3876 1292 3933 animus

111 3964 213 4018 222922
236 3950 394 4004 moderatio.
436 3948 509 4002 Nam
533 3952 566 4003 ut
582 3951 674 4019 imago
729 3950 840 4004 eminet.

111 4025 150 4074 est
168 4020 257 4075 animi
274 4021 379 4087 cultas,
405 4018 445 4073 sic
463 4019 571 4074 indices
590 4019 674 4086 oculi,
764 4025 807 4075 15.
826 4021 958 4088 coniectu,
970 4035 1027 4074 von
1040 4019 1196 4075 intentione
1212 4019 1292 4074 ‘dem

112 4106 231 4159 quorum
260 4093 289 4146 et
315 4088 469 4145 hilaritatis
499 4091 528 4144 22
549 4089 674 4144 vicissim
728 4092 818 4146 Feuer
836 4090 886 4144 der
900 4090 1010 4159 Augen'
1027 4090 1221 4146 verschieden:
1241 4088 1291 4147 die

111 4160 246 4218 tristitiae
264 4162 378 4216 modum
397 4177 441 4215 res
456 4161 544 4230 ipsae,
563 4162 599 4215 de
613 4161 673 4229 qui-
727 4161 878 4230 Finierung
896 4161 945 4215 des
959 4160 1063 4228 Blidrs,
1082 4162 1125 4215 als
1138 4159 1292 4216 Ausdruelr

110 4232 164 4288 bus
178 4235 287 4304 agetur,
302 4231 509 4302 temperabunt.
520 4230 550 4286 in
559 4232 673 4287 Pison.1
728 4233 777 4286 des
797 4232 928 4301 strengen
945 4231 1073 4299 Ε22222,
1092 4231 1117 4286 Π
1132 4247 1180 4288 222.

110 4302 206 4359 vultus
234 4304 355 4372 denique
383 4306 473 4370 totus,
506 4303 555 4372 qui
582 4318 673 4358 sermo
766 4309 807 4358 17.
825 4319 910 4359 sermo
920 4302 1185 4373 amputationes.
1206 4301 1291 4360 0222

112 4375 226 4444 quidam
246 4375 350 4431 tacitus
369 4375 471 4431 mentis
489 4377 539 4431 est.
729 4374 774 4429 est
791 4374 867 4428 enim
881 4374 956 4430 actio
971 4374 1053 4443 quasi
1067 4373 1189 4444 corporis
1203 4390 1292 4443 quae·
