2842 4778
503 214 552 269 ΒΕ
572 211 744 268 ORATORE
762 213 802 268 lll
822 219 866 282 14,
888 227 983 270 ca-ta
1258 215 1324 279 423

243 375 368 443 Faciles
396 377 495 460 enim,
522 375 664 462 iuquit,
693 375 829 455 Antoni,
856 380 966 462 partes
994 399 1050 442 eae
1078 377 1210 443 fuerunt
1232 378 1324 462 duae,
1343 396 1377 444 aa

155 489 236 551 quas
266 466 361 531 modo
391 466 575 549 percucurri
603 465 654 529 vel
683 465 792 548 potius
822 486 924 549 paene
947 467 1113 550 praeterii,
1140 467 1255 531 Latine
1279 468 1325 532 lo·

155 555 274 642 quendi
306 555 467 640 planeque
495 553 637 635 dicendi3
669 553 816 638 reliquae
844 560 921 619 sunt
948 576 1099 639 magnae,
1132 557 1325 640 implicatae,
1404 589 1406 594 ·

155 645 280 727 variae,
310 664 441 729 graves,
471 642 588 727 quibus
622 642 728 706 omnis
755 642 924 707 admiratio
952 643 1087 729 ingenii,
1120 645 1224 709 omnis
1253 645 1325 710 laus

157 733 359 817 eloquentiae
393 733 586 798 continetur.
636 729 740 796 Nemo
774 732 860 795 enim
895 754 1046 816 umquam
1074 741 1126 797 est
1153 739 1325 815 oratorem,

155 822 240 906 quod
271 820 387 886 Latine
417 822 617 905 loqueretur,
648 819 836 884 admiratus.
889 819 923 884 si
956 826 1006 885 est
1035 821 1144 905 aliter,
1175 823 1325 906 irrident,

129 931 259 994 cneque
287 932 359 974 eum
388 913 551 975 oratorem
574 908 814 992 tantummodo,
844 908 898 972 sed
922 909 1087 974 hominem
1110 932 1177 975 non
1199 916 1324 995 putant.

154 998 258 1064 Nemo
286 999 403 1063 extulit
434 1020 506 1062 eum
533 998 653 1075 verbis,
687 997 742 1081 qui
769 998 818 1062 ita
846 996 995 1079 dixisset,
1027 1002 1065 1063 ut
1092 999 1147 1082 qui
1174 1000 1325 1064 adessent

128 1089 390 1172 cintellegerent,
413 1085 488 1170 quid
512 1086 645 1163 diceret,
673 1085 729 1150 sed
753 1086 949 1170 contempsit
972 1108 1062 1171 eum,
1085 1088 1140 1171 qui
1164 1089 1268 1152 minus
1292 1090 1324 1152 id

154 1176 260 1241 facere
283 1175 452 1261 potuisset.
500 1174 541 1239 In
563 1196 626 1259 quo
650 1174 752 1260 igitur
773 1174 921 1239 homines
945 1174 1198 1241 exhorrescunt?
1229 1199 1324 1260 quem
1344 1194 1378 1243 53

114 1288 140 1326 11
155 1265 330 1348 stupefacti
354 1265 514 1328 dicentem
533 1263 720 1328 intuentur?
744 1262 860 1348 inquo
880 1264 1083 1328 exclamant?
1107 1287 1202 1349 quem
1221 1265 1325 1350 deum,

115 1377 142 1415 12
156 1358 193 1418 ut
219 1355 267 1418 ita
295 1353 412 1437 dicam,
440 1354 527 1416 inter
554 1353 701 1417 homines
728 1352 870 1437 putant?
916 1351 978 1428 Qui
1002 1353 1168 1436 distincte,
1197 1356 1250 1438 qui
1275 1376 1325 1419 ex·

116 1442 290 1528 replicate,
322 1443 377 1527 qui
411 1441 627 1524 abundanter,
659 1440 714 1525 qui
745 1441 926 1505 illuminate
959 1445 992 1505 et
1023 1443 1119 1507 rebus
1152 1448 1185 1507 et
1217 1442 1325 1508 verbis

118 1553 145 1592 14
159 1531 269 1596 dieunt
297 1535 330 1596 et
358 1531 393 1595 iu
420 1533 492 1616 ipsa
520 1531 665 1595 oratione
688 1530 782 1614 quasi
805 1530 966 1613 quendam
990 1553 1160 1596 numerum
1182 1534 1341 1596 uersum-⁴

117 1641 144 1681 15
158 1641 218 1705 que
242 1619 426 1703 conficiunt,
448 1620 481 1683 id
505 1624 564 1703 est,
587 1619 673 1703 quod
697 1617 778 1703 dico,
802 1626 924 1683 ornate.
962 1618 1024 1694 Qui
1047 1621 1133 1683 idem
1151 1621 1199 1684 ita
1218 1621 1324 1686 mode-

116 1715 284 1793 rorantur,
307 1712 481 1792 utrorum,
505 1714 542 1773 ut
565 1729 775 1791 personarum
799 1707 975 1793 dignitates
997 1707 1115 1793 ferunt,
1138 1710 1167 1773 ei
1191 1711 1267 1773 sunt
1289 1709 1323 1773 iu

157 1819 195 1862 eo
233 1819 350 1882 genere
379 1797 532 1862 laudandi
564 1798 682 1881 laudis,
720 1795 805 1881 quod
837 1818 897 1883 ego
932 1801 1043 1880 aptum
1077 1802 1109 1861 et
1143 1819 1324 1883 congruens

118 1909 144 1948 ra
158 1889 299 1950 nomino.
342 1886 405 1961 Qui
427 1887 474 1950 ita
497 1886 648 1967 dicerent,
672 1907 726 1950 eos
749 1888 882 1971 negavit
904 1886 1008 1951 adhuc
1032 1907 1066 1950 se
1085 1887 1203 1952 vidisse
1220 1885 1325 1952 Anto·
1343 1904 1378 1952 14

118 1997 143 2036 ιε
157 1976 231 2039 nius
255 1979 287 2038 et
312 1974 358 2038 eis
381 1976 442 2039 hoc
465 1996 582 2039 nomen
601 1975 683 2038 dixit
702 1975 903 2058 eloquentiae
922 1977 1000 2049 solis
1020 1997 1090 2040 esse
1109 1976 1324 2042 tribuendum.

117 2086 144 2126 ao
159 2064 266 2139 Quare
289 2063 370 2127 istos
395 2085 506 2128 omnes
530 2085 581 2127 me
606 2070 735 2128 auctore
759 2064 900 2128 deridete
924 2068 1020 2148 atque
1039 2066 1247 2149 contemnite,
1270 2067 1324 2148 qui

117 2176 143 2215 21
159 2174 192 2217 se
215 2151 344 2236 borum,
368 2153 423 2237 qui
445 2153 600 2218 nunc·ita
623 2153 839 2236 appellantur,
862 2152 1029 2217 rhetorum
1052 2153 1232 2238 praeceptis
1257 2176 1323 2219 om·

193 2348 219 2411 3)
234 2344 300 2398 Das
314 2344 654 2401 dritteltrfordernis
668 2345 715 2399 iat
805 2349 845 2398 16.
865 2307 896 2399 td
914 2345 1042 2412 estquod
1064 2344 1125 2398 dieo
1144 2350 1251 2408 ornate,
1275 2345 1324 2398 das

156 2415 207 2467 das
230 2420 325 2469 oronte
348 2414 447 2469 dicere.
489 2417 629 2470 Wahrer
651 2414 714 2469 Be-
767 2414 827 2468 ist's
859 2431 916 2468 was
942 2414 989 2468 ich
1016 2412 1069 2467 mit
1097 2419 1195 2468 ornate
1224 2414 1324 2481 moine,

157 2483 714 2556 griffundeigentlicherUmfang
767 2487 849 2539 unter
881 2502 906 2538 o.
938 2485 1080 2551 verstehe3
1113 2485 1183 2539 daza
1214 2483 1325 2539 kommt

158 2552 340 2606 desselben
357 2559 410 2609 etc.
430 2560 510 2623 c.14,
529 2570 554 2610 aa
569 2587 603 2596 —
616 2562 659 2623 ab,
679 2571 712 2611 aa.
768 2556 843 2609 dann
861 2556 911 2608 dae
930 2562 992 2625 apte
1010 2556 1110 2610 dicere.

194 2628 217 2676 7.
250 2626 434 2678 tantummodo
462 2650 496 2669 =
522 2643 578 2679 nou
612 2630 714 2694 putant
802 2626 873 2680 idem
892 2643 928 2680 sc.
948 2629 998 2680 das
1017 2628 1114 2681 ornate
1132 2625 1232 2682 dicere.

158 2710 214 2748 non
228 2695 423 2749 tantummodo
437 2696 626 2764 (gewohnlioh
644 2695 713 2750 bloll
802 2697 985 2763 moderantur,
1004 2715 1035 2751 so
1051 2697 1213 2765 einrichten,
1232 2703 1264 2752 ut
1281 2714 1322 2752 re·
1360 2736 1364 2745 .

157 2765 255 2830 modo,
283 2763 330 2818 ich
354 2765 415 2818 will
442 2781 494 2834 gar
516 2765 596 2820 nicht
618 2772 714 2836 sagon)
769 2783 830 2820 rum
848 2772 880 2820 ut
894 2783 1076 2836 personarum
1093 2770 1254 2838 dtpnitates,
1277 2768 1322 2823 die

156 2840 306 2903 oratorem,
321 2837 368 2890 sed
384 2835 535 2891 hominem.
564 2837 601 2890 Es
614 2843 716 2907 gehtrt
769 2837 987 2892 verschiedenen
1005 2837 1168 2892 sachlichen
1187 2839 1244 2892 und
1262 2856 1323 2909 per·

155 2908 216 2961 also
231 2922 288 2960 non
301 2908 403 2977 putant
416 2926 450 2961 au
464 2907 565 2962 beiden
575 2907 714 2963 Gliedern.
770 2907 913 2962 stnliohen
934 2908 1127 2964 Verbtltuisae
1146 2940 1188 2964 -.

156 2978 221 3047 Vgl.
235 2995 291 3031 non
306 2979 389 3033 modo
401 3010 433 3018 -
445 2980 581 3033 sedne-
592 2980 714 3049 quidem.
805 2985 845 3033 16.
865 2981 897 3033 ia
910 2996 940 3034 ec
957 2997 1052 3050 penore
1069 2983 1206 3036 laudandi
1223 2983 1324 3047 laudis,

155 3048 227 3103 Phil.
246 3050 273 3102 ΙΙ
290 3065 303 3104 e
322 3050 389 3117 quid
409 3053 452 3104 est
470 3051 561 3104 minus
580 3069 636 3107 non
650 3053 713 3106 dico
767 3050 902 3119 (wielaas
912 3068 985 3106 novo
996 3055 1025 3106 et
1034 3051 1125 3108 alieno
1135 3055 1323 3107 ornatu—or-

156 3120 289 3186 oratoris,
310 3122 357 3173 sed
375 3120 505 3176 hominia.
767 3123 845 3192 nare)
864 3123 1013 3178 verdienen
1026 3123 1056 3177 iu
1070 3124 1142 3178 dem
1156 3124 1250 3178 Punkt
1264 3142 1324 3180 ora·

194 3196 218 3244 9.
237 3193 283 3244 sed
302 3194 472 3261 contempsit,
495 3192 574 3259 1111;
594 3210 645 3263 1a43
665 3210 712 3250 aaa.
767 3191 905 3248 torischer
920 3194 1044 3249 Stilistik
1057 3194 1126 3262 Lob,
1142 3197 1195 3250 den
1209 3195 1254 3251 iob
1270 3201 1322 3251 etc.

156 3262 710 3331 Hor.sat.I1,1quifit-utnemo-
767 3265 829 3319 laur
851 3264 881 3318 in
905 3266 968 3319 dem
988 3265 1070 3333 Sinn,
1093 3266 1146 3327 wie
1170 3283 1200 3320 es
1219 3283 1258 3321 114
1276 3283 1324 3336 ge·

157 3334 305 3387 contentus
326 3333 409 3401 vivat,
428 3334 526 3389 laudet
544 3335 656 3391 diversa
671 3355 714 3392 se·
766 3335 1323 3407 brauehtist:inquatuorpartesomnem

154 3405 281 3473 quantes.
768 3407 902 3462 orationis
934 3407 1048 3463 laudem
1076 3409 1264 3478 discripseras.
1289 3439 1324 3448 -

193 3480 234 3529 11.
253 3476 341 3531 deam.
360 3474 373 3526 Ι
393 3491 440 3531 roc.
768 3478 889 3545 (Andere
920 3480 1017 3534 hatten
1049 3479 1109 3533 eins
1141 3480 1191 3532 der
1222 3479 1324 3533 beiden

192 3550 235 3602 12.
260 3547 387 3600 distinete
414 3549 466 3600 etc.
508 3548 577 3600 Zum
602 3551 713 3604 wahren
768 3550 892 3614 Wdrter,
921 3550 1063 3604 entweder
1084 3549 1232 3616 laudandi,
1257 3551 1324 3605 oder

154 3617 268 3669 Redner
289 3618 391 3685 gebbrt
407 3617 475 3684 also,
496 3615 553 3671 dass
570 3635 600 3672 er
616 3620 712 3674 ktinet-
766 3619 858 3674 laudis
876 3619 921 3674 fur
939 3625 1062 3685 unecbt).

155 3686 411 3754 lerisch-entfaltet,
430 3688 613 3758 reichhaltig,
633 3689 713 3743 licbt·
803 3696 844 3744 18.
871 3694 925 3757 tta,
954 3693 1013 3745 also
1041 3694 1138 3744 ornate
1167 3691 1224 3743 und
1249 3694 1322 3760 apte.

155 3759 215 3812 roll
224 3758 713 3830 undrhythmisch-gegliedertspre·
802 3764 911 3829 oeqaott
929 3763 1030 3827 adbuc,
1049 3761 1063 3814 Ι
1080 3776 1114 3815 er.

154 3829 227 3881 chen
244 3827 345 3883 ktnue.
804 3837 845 3886 19.
868 3833 1056 3898 tribuendum,
1084 3832 1137 3885 wie
1162 3829 1207 3886 Or.
1227 3846 1253 3886 18
1278 3832 1324 3885 oui

193 3905 235 3953 13.
263 3905 289 3953 et
313 3901 393 3954 rebus
420 3907 445 3955 et
471 3903 559 3956 uerbis
584 3901 636 3954 mit
664 3902 714 3956 Be·
767 3901 813 3955 vel
850 3905 956 3970 primas
999 3903 1175 3971 eloquentiae
1211 3903 1323 3971 patrum

155 3969 334 4040 niehungauf
342 3969 388 4025 die
398 3971 505 4026 lumina
513 3971 712 4027 sententiarum
767 3976 925 4028 nostrorum
944 3974 1087 4029 tribuebat
1105 3979 1191 4029 aetas.

158 4046 189 4095 et
206 4043 354 4095 verborum
374 4059 421 4097 201.
805 4050 848 4100 20.
866 4062 907 4099 me
924 4051 1042 4112 auctore,
1061 4046 1074 4098 l
1092 4060 1126 4100 54.

192 4117 234 4166 14.
253 4116 284 4167 in
302 4116 365 4182 ipra
378 4116 510 4182 oratione,
528 4112 567 4167 im
584 4114 714 4169 Verlaufe
804 4122 847 4169 21.
870 4116 966 4171 torum
984 4120 1033 4186 qut
1055 4134 1130 4170 aune
1148 4115 1324 4184 appellantur

155 4184 205 4237 der
214 4185 404 4252 cigentlichen
411 4184 601 4254 Darstellung‚
612 4185 664 4240 wie
674 4186 714 4240 eie
767 4189 912 4253 rhetorum,
927 4189 1007 4241 derer
1021 4187 1066 4242 die
1076 4205 1142 4242 man
1155 4187 1323 4258 heutzutege

156 4255 204 4307 der
228 4256 337 4309 ltedner
360 4257 472 4324 schafft;
502 4256 654 4311 besonders
676 4258 715 4310 ist
767 4259 892 4312 rhetores
903 4261 996 4326 neunt,
1005 4258 1069 4326 derj
1089 4257 1321 4313 tat‘lthetorilrer’

156 4325 201 4379 die
218 4324 349 4392 Periode‚
374 4325 548 4382 continuatio
566 4327 713 4381 verborum
767 4332 934 4394 genannten.
953 4328 1051 4383 Erratz
1062 4348 1088 4382 u.
1099 4329 1324 4402 Umschreibung

155 4410 195 4452 ror
213 4398 344 4465 gemeint.
767 4397 816 4451 des
826 4398 959 4467 Begriffes
973 4401 1069 4454 rhetor
1082 4400 1127 4454 fiir
1141 4401 1322 4468 Redelehrer3
