2842 4778
445 211 495 268 nx
515 211 685 269 caltores
704 213 810 282 11141,
830 229 939 270 166166.

532 374 629 459 Vive,
652 375 779 461 Ulixes,
803 377 879 441 dum
903 377 994 459 licet,

321 463 430 531 Oculis
454 469 653 549 postremum
676 464 785 529 himen
809 465 970 529 radiatrim
994 468 1085 550 rape!
1295 489 1309 528 2

104 577 171 620 non
194 554 276 619 dixit
300 550 428 638 ‘cape’,
450 576 517 619 non
541 551 662 637 ‘pete'
687 549 838 640 (haberet
862 555 948 617 enim
971 576 1098 619 moram
1117 556 1281 637 sperantis

104 643 225 708 diutius
250 664 321 707 esse
338 640 524 726 victurum),
548 641 603 708 sed
627 640 760 725 ‘rape'.
796 640 868 706 Hoc
888 643 1023 708 verbum
1042 648 1092 707 est
1111 643 1204 707 adid
1224 666 1280 728 ap·

5 741 34 795 11
47 735 221 814 lactatum,
244 731 331 814 quod
355 734 433 795 ante*
449 731 585 814 dixerat,
608 730 711 795 ‘dum
730 731 853 797 licet'.
895 730 1018 796 Deinde
1037 731 1212 797 videndum
1231 736 1282 798 est

106 842 147 885 ne
170 819 267 904 longe
291 820 396 884 simile
420 819 464 883 sit
487 819 633 883 ductum:
657 817 817 904 ‘Syrtim
840 818 1090 903 patrimonii'
1110 820 1308 905 scopuluma

107 907 262 973 libentius
282 908 430 992 dixerim,
450 906 702 992 ‘Charybdim
722 907 925 974 bonorum'
948 909 1140 993 voraginem
1158 909 1306 993 potissi

106 995 248 1063 Facilius
269 996 353 1062 enim
374 996 413 1060 ad
433 1018 480 1081 ea,
503 1017 584 1080 quae
603 997 682 1081 visa,
701 1019 799 1081 quam
818 997 858 1061 ad
877 997 943 1079 illa,
963 1018 1045 1080 quae
1065 997 1177 1062 audita
1197 1005 1283 1080 sunt,

108 1087 226 1150 mentis
256 1086 341 1151 oculi
362 1084 518 1150 feruntur.
564 1084 609 1150 Et
632 1085 784 1169 quoniam
807 1085 887 1150 haec
910 1086 962 1149 vel
986 1108 1113 1151 summa
1135 1087 1207 1151 laus
1231 1092 1283 1152 est

107 1175 142 1239 in
172 1174 278 1239 verbis
300 1172 546 1256 transferendis,
569 1175 606 1236 ut
630 1194 760 1238 sensum
782 1173 881 1238 feriat
903 1173 950 1256 id,
973 1173 1058 1257 quod
1082 1174 1280 1240 translatum
1296 1199 1324 1239 ro

108 1263 160 1344 sit,
183 1263 337 1347 fugienda
361 1266 411 1326 est
429 1263 535 1327 omnis
554 1261 721 1345 turpitudo
740 1283 851 1326 aarum
869 1283 987 1346 rerum,
1010 1262 1051 1326 ad
1070 1285 1150 1346 quas
1169 1285 1284 1328 eorum
1297 1291 1322 1329 11

47 1369 99 1417 164
110 1351 248 1434 animos,
271 1351 326 1435 qui
350 1350 492 1432 audient,
515 1350 625 1415 trahet
649 1351 836 1415 similitudo.
878 1349 964 1415 Nolo
989 1350 1052 1414 dici
1070 1356 1175 1416 morte
1195 1352 1284 1417 Afri-

106 1439 180 1505 cani
203 1437 448 1504 ‘castratam'
472 1461 542 1504 esse
561 1461 630 1504 rem
649 1439 828 1525 publieam3
850 1440 927 1504 nolo
946 1438 1113 1504 ‘stercus
1134 1439 1285 1506 curiae'

107 1528 170 1593 dici
184 1526 368 1611 Glauciam,
386 1529 534 1611 quamvis
551 1529 593 1592 sit
609 1528 723 1611 simile,
740 1532 851 1594 tamen
866 1532 915 1592 cst
929 1528 963 1591 in
979 1532 1114 1611 utroque
1129 1529 1285 1594 deformis

107 1617 266 1700 cogitatio
291 1616 524 1682 similitudinis.
570 1616 657 1682 Nolo
682 1638 752 1682 esse
772 1621 829 1682 aut
847 1617 962 1701 maius,
986 1639 1084 1700 quam
1102 1639 1154 1682 res
1173 1620 1286 1702 postu-

108 1705 170 1769 let:
193 1704 437 1789 ‘Tempestas
462 1705 787 1789 comissationis'3
812 1706 1006 1771 autminus:
1028 1704 1283 1772 ‘Comissatio

107 1793 384 1877 tempestatis'.
430 1792 517 1859 Nolo
546 1815 616 1859 esse
639 1795 773 1859 verbum
798 1795 968 1880 angustius
991 1795 1038 1878 id,
1067 1796 1152 1879 quod
1175 1800 1281 1861 trans·
1298 1822 1322 1863 ι1

109 1885 212 1947 latum
237 1883 289 1968 sit,
313 1905 410 1967 quam
434 1882 551 1948 fuisset
572 1882 652 1947 illud
676 1883 844 1966 proprium
868 1905 906 1948 ac
929 1906 1036 1948 suum:

244 1969 404 2050 Quidnam
429 1973 492 2055 cst,
516 1971 672 2040 obsecro?
719 1970 803 2047 Quid
825 1976 858 2037 te
883 1969 1003 2037 adirier
1026 1973 1190 2039 abndtas‘?
1298 1999 1324 2038 16

144 2190 202 2244 Der
216 2188 287 2244 eben
302 2189 465 2244 erwtthnten
479 2188 668 2243 iehlerhaften
757 2203 839 2257 rone,
858 2189 980 2255 αρπαζε,
998 2204 1083 2242 unser
1104 2186 1226 2251 ‘raffen’‚
1245 2185 1287 2241 als

108 2259 257 2330 Metaphsr
293 2260 332 2315 ist
360 2260 465 2330 jedoch
496 2259 591 2329 gleich
624 2259 670 2313 ein
725 2257 767 2313 als
782 2259 827 2311 ein
842 2259 998 2327 metaphor.
1013 2258 1170 2324 Ausdruck,
1190 2257 1243 2312 wie
1257 2272 1287 2311 er

108 2328 669 2400 116116116111616616116611611166116611
724 2328 774 2382 der
794 2327 937 2384 situation
951 2329 1060 2398 desscn,
1078 2329 1149 2383 tiber
1162 2328 1227 2383 dem
1241 2328 1287 2383 die

109 2402 258 2457 desselben
290 2402 421 2456 Dichters
457 2401 669 2471 gegendberge-
724 2398 905 2453 Todesnacht
929 2398 969 2453 im
993 2399 1120 2455 Moment
1142 2397 1286 2454 116161116-

110 2472 198 2540 616111,
216 2491 265 2527 um
283 2472 438 2543 gleichsam
453 2474 506 2527 den
521 2473 592 2527 aben
606 2487 670 2526 aus·
724 2470 847 2525 bruchen
871 2469 968 2538 droht,
991 2469 1021 2524 in
1040 2471 1217 2526 mehrfacher
1234 2469 1287 2524 Ba-

110 2545 322 2614 gesprochenen
336 2542 425 2599 Tadel
443 2542 549 2598 wieder
567 2546 619 2612 gut
637 2559 671 2596 zu
725 2542 847 2609 ziehung
864 2542 965 2596 hdchst
983 2557 1167 2610 angemessen
1186 2541 1233 2596 ist.

109 2616 229 2669 macheu
256 2614 314 2668 und
343 2634 376 2669 zu
399 2615 510 2684 zeigen,
540 2611 597 2668 dall
621 2614 671 2667 der
761 2619 785 2667 6.
809 2612 915 2683 Syrtim
937 2613 994 2666 und
1019 2611 1201 2684 (1661611111,
1223 2611 1288 2666 weil

110 2686 259 2741 berhhmte
272 2684 391 2740 Dichter
403 2704 456 2740 nur
470 2687 520 2739 das
535 2685 597 2740 eine
612 2684 671 2738 Mal
725 2683 821 2750 ihnen,
839 2683 882 2737 als
902 2701 936 2737 zu
949 2684 1016 2738 weit
1030 2685 1095 2751 (von
1110 2685 1164 2738 den
1178 2683 1287 2737 deten

110 2755 171 2810 sich
194 2757 234 2811 im
254 2757 400 2811 husdruck
423 2756 580 2826 vergriffan.
618 2755 671 2810 Die
725 2753 837 2809 Afrikas
856 2755 914 2808 und
932 2771 984 2809 aus
998 2755 1053 2808 den
1066 2753 1221 2809 Isrlahrten
1237 2754 1287 2808 des

109 2828 212 2883 Versa:
235 2827 318 2883 video
337 2827 381 2897 te,
403 2829 499 2894 video,
523 2828 606 2898 (denn
626 2827 671 2881 die
726 2825 880 2896 Odysseus)
911 2824 1109 2893 hergeholten,
1147 2841 1199 2879 nur
1230 2841 1287 2879 von

111 2899 324 2970 gehdrannoch
337 2897 417 2966 datu,
432 2898 560 2954 Ribbeck
569 2916 596 2968 p.
607 2899 672 2966 205)
726 2895 909 2964 Htrensagen
932 2895 1095 2951 bekannten
1112 2896 1223 2966 Dingen
1246 2897 1287 2963 (in

110 2971 175 3026 viva
203 2969 312 3036 Ulixes,
340 2970 407 3024 dum
434 2969 503 3025 licet
530 2972 584 3025 etc.
609 2967 673 3023 sind
726 2966 1031 3036 solcherVerbindung
1044 2967 1226 3038 wenigstens)
1242 2967 1288 3021 die

111 3042 346 3098 wahrschcinlich
370 3059 420 3097 aus
444 3043 509 3095 dem
529 3041 601 3095 Aiax
624 3040 672 3093 des
727 3037 1288 3114 rechtesinnlichehuschauungabgehc.

111 3115 217 3170 Ennius
237 3129 413 3184 genommen,
432 3129 475 3167 wo
495 3111 535 3166 sie
549 3111 615 3165 Aias
633 3111 673 3165 im
765 3114 788 3163 7.
812 3110 984 3178 voraginem,
1013 3109 1084 3164 Phil.
1106 3108 1133 3163 11
1156 3124 1182 3165 aa
1210 3107 1289 3174 Quae

114 3185 276 3241 Wahnsinn
294 3185 409 3255 spricht,
428 3185 471 3239 als
485 3183 557 3239 habe
572 3199 602 3237 er
616 3199 673 3236 nun
728 3179 883 3247 Charybdis
901 3181 961 3234 tam
979 3187 1084 3236 vorax?

112 3257 208 3312 seinen
227 3253 385 3312 verhassten
403 3254 514 3325 Gegner
532 3256 562 3309 in
582 3255 674 3310 seiner
765 3257 806 3306 10.
821 3268 929 3307 sensam
937 3252 1031 3320 feriat,
1044 3252 1228 3307 anschaulich
1238 3267 1290 3306 vor

113 3326 232 3396 Gewalt,
246 3324 673 3396 umihmjetatdenTodesstoil
727 3322 773 3378 die
788 3322 871 3378 Sinne
891 3325 953 3394 (661
971 3324 1016 3378 116
1030 3323 1141 3392 Augen)
1159 3321 1231 3390 tritt,
1251 3321 1288 3378 ad

112 3397 673 3538 61161616116111)
726 3395 804 3521 ts
819 3392 1290 3536 {tam

113 3540 254 3594 6611161-
267 3511 341 3619 Qdid
354 3540 412 3608 1116,
427 3539 487 3608 qui:
499 3539 582 3595 video
592 3539 674 3594 61166
727 3537 818 3606 possit
837 3554 889 3607 ego
908 3553 964 3591 non
982 3537 1074 3593 video.

112 3612 151 3678 te,
166 3611 229 3666 vive
238 3611 283 3666 Ul.
300 3611 367 3664 dum
381 3611 467 3665 licet?
480 3627 573 3665 nonne
587 3610 675 3664 etiam
767 3613 808 3664 11.
826 3610 961 3678 fugienda
979 3616 1018 3666 est
1031 3610 1120 3664 omnis
1133 3611 1290 3678 torpitudo,

112 3680 157 3734 bis
177 3698 207 3737 se
226 3680 397 3738 exclamavit
415 3682 519 3749 videre,
539 3697 603 3734 curn
617 3696 673 3734 om·
728 3679 812 3736 Arist.
832 3680 902 3736 rhet.
923 3680 1009 3750 1112,
1030 3696 1055 3735 ro
1079 3675 1131 3742 τὰς
1153 3679 1185 3735 dl
1205 3700 1290 3750 μετα·

113 3753 182 3807 nino
201 3768 258 3806 non
276 3753 405 3807 videret?
729 3747 821 3839 wll?
839 3746 977 3807 ἐντεῦθεν
997 3748 1106 3806 οἰστέον
1121 3746 1180 3805 ἀπὸ
1195 3752 1290 3806 καλῶν

149 3830 175 3879 2.
190 3825 339 3890 radiatam,
354 3822 456 3877 Accius
473 3822 577 3879 Phoen.
597 3821 674 3893 (Rib-
729 3841 747 3911 ζ(
766 3842 799 3945 ln
820 3823 901 3893 φωνῇ
921 3816 939 3890 ἢ
955 3824 988 3893 τῇ
1004 3820 1126 3892 δυνάμει
1141 3816 1158 3891 ἢ
1173 3823 1207 3893 τῇ
1222 3820 1291 3890 ὄψει

114 3895 187 3948 beck
206 3913 233 3963 p.
255 3899 306 3949 180
325 3893 355 3961 f.)
388 3894 436 3948 Sol
456 3895 504 3962 qui
523 3894 676 3948 micantem
730 3913 747 3960 η
789 3896 837 3962 Ity]
855 3893 911 3946 τινὶ
929 3891 1071 3961 αἰσθήσει,

115 3963 676 4033 candidocurruatqueequisIIammam
768 3968 808 4017 17.
834 3965 992 4031 angustias,
1017 3964 1104 4030 Quint
1125 3963 1193 4017 VIII
1212 3970 1241 4031 6,
1265 3979 1292 4019 16

115 4035 211 4090 citatis
221 4036 328 4091 fervido
339 4037 439 4090 ardore
447 4036 580 4104 explicas,
593 4034 677 4100 Quia·
731 4033 898 4101 metaphora
917 4034 992 4087 enlm
1010 4036 1060 4088 aut
1077 4038 1226 4089 vacantem
1246 4052 1292 4090 oc·

114 4122 182 4160 nam
201 4109 260 4162 tam
276 4106 394 4161 adverso
409 4106 527 4174 augurio
543 4110 572 4160 et
585 4105 677 4158 inimi·
732 4119 834 4173 capara
853 4103 946 4156 locum
965 4103 1059 4172 debet,
1078 4107 1128 4159 aut
1142 4105 1208 4160 siin
1222 4105 1291 4161 alie-

115 4192 148 4231 66
173 4178 267 4232 omine
290 4177 394 4231 Thebis
410 4176 558 4248 ¹radiatum
581 4176 678 4229 lumen
731 4192 798 4227 num
816 4172 895 4227 venit
908 4173 971 4242 plus
985 4175 1080 4229 valere
1095 4192 1137 4245 66,
1157 4177 1292 4244 666161-

114 4250 243 4302 ostentas
266 4250 364 4303 tuum?
406 4238 529 4301 Ihntieh
551 4263 600 4300 aus
624 4250 677 4301 Ac·
730 4244 820 4313 pellit.

115 4316 183 4370 cius'
208 4320 312 4374 Brutus
337 4320 383 4388 (de
407 4318 463 4375 div.
481 4319 494 4370 Ι
516 4320 556 4387 44)
580 4318 677 4372 orbern
768 4320 809 4369 19.
827 4314 966 4437 quidnam
980 4317 1034 4369 616.
1062 4316 1161 4370 Diescr
1175 4318 1232 4372 und
1245 4317 1292 4373 die

115 4387 279 4444 flammeum
298 4390 440 4445 radiatum
458 4389 534 4444 solis.
730 4385 834 4441 naohfo
847 4383 955 4454 geoden
979 4386 1067 4442 Versa
1095 4390 1202 4456 (versus
1225 4388 1292 4445 baa·
