2842 4778
136 231 203 296 454
412 230 462 286 DE
481 230 654 286 ORATORE
673 231 836 299 11129‚1rv.
856 213 900 297 36,
915 243 1038 285 rra-rao.

135 395 254 460 tendae
273 392 372 460 sint?'
406 391 609 477 Simplicium
629 397 737 459 autem
757 395 835 458 sunt
853 397 920 456 tres
939 390 1041 455 modi:
1060 391 1110 454 De
1124 387 1313 472 expetendis

135 482 339 567 fugiendisve
367 482 465 546 rebus
487 485 537 546 ut:
569 481 804 566 ‘Expetendine
828 482 968 545 honores
992 479 1094 544 sint?>
1140 476 1241 542 ‘Num
1263 478 1314 542 fu·

137 571 256 654 gienda
283 569 492 654 paupertasl'
522 571 560 635 de
588 593 691 655 aequo
719 574 776 635 aut
802 570 929 654 iniquo,
957 574 1007 634 ut:
1036 566 1240 651 ‘Aequumne
1271 566 1315 630 sit

137 659 249 723 ulcisci
276 658 411 723 iniurias
439 660 540 723 etiam
568 657 861 743 propinquoruml'
890 658 928 723 dc
956 657 1096 722 honesto
1127 658 1185 720 aut
1206 655 1313 739 turpi,

84 752 183 812 117ut
205 748 282 812 hoc:
306 745 410 812 ‘Sitne
432 747 607 812 honestum
631 748 756 832 gloriae
779 769 877 813 eausa
900 752 1040 812 mortem
1060 741 1183 810 obirel'
1216 740 1314 808 Oom-

134 836 316 918 parationis
341 840 450 900 autem
473 836 537 901 duo
557 840 634 900 sunt
653 837 752 901 modi:
776 858 868 918 unus,
891 858 963 901 cum
983 835 1111 899 idemne
1131 832 1174 896 sit
1193 853 1236 896 an
1255 831 1314 896 ali·

134 925 211 1009 quid
234 925 365 989 intersit
388 925 568 1008 quaeritur,
590 929 627 989 ut
650 925 807 989 ‘Metuere
831 928 864 988 et
886 922 1012 1008 vereri’,
1039 928 1076 988 ut
1099 920 1181 986 ‘Rex
1204 925 1238 984 et
1259 923 1314 1004 ty-

133 1013 279 1095 rannus',
305 1017 341 1078 ut
367 1012 578 1078 ‘Adsentator
606 1018 639 1078 et
666 1012 812 1098 amicus',
840 1014 935 1095 alter,
963 1033 1036 1075 cum
1063 1010 1140 1095 qnid
1166 1011 1314 1093 praestet

134 1102 222 1167 aliud
246 1103 303 1167 alii
327 1102 501 1186 quaeritur,
524 1107 562 1167 ut
585 1102 680 1167 illud:
705 1100 881 1186 ‘Optimine
904 1101 1059 1183 cuiusque
1081 1098 1246 1181 sapientes
1270 1119 1315 1162 an

133 1191 285 1274 populari
307 1190 403 1255 laude
433 1190 625 1255 ducanturl'
671 1192 779 1275 Atque
809 1212 865 1254 eae
894 1188 1022 1273 quidem
1051 1185 1314 1270 disceptationes,

134 1300 216 1363 quae
240 1279 282 1343 ad
304 1278 524 1363 cognitionem
543 1279 737 1360 referuntur,
761 1280 809 1344 sic
831 1279 899 1342 fere
919 1301 939 1342 a
957 1277 1153 1342 doctissimis
1171 1273 1313 1340 homini·

25 1367 195 1430 sonabas
223 1367 450 1431 discrihuntur.
503 1367 591 1442 Ouae
620 1390 696 1433 vero
724 1367 909 1432 referuntur
936 1366 976 1431 ad
1005 1365 1166 1450 agendum
1195 1363 1313 1428 autin

133 1454 233 1519 officii
266 1455 501 1539 disceptatione
533 1460 718 1540 versantur,
750 1479 813 1541 quo
846 1457 881 1519 in
912 1474 1043 1540 genere,
1076 1453 1154 1537 quid
1186 1455 1312 1517 rectum

132 1542 380 1627 faciendumque
410 1544 454 1609 sit
476 1547 655 1630 quaeritur,
683 1546 735 1610 cui
758 1547 829 1611 loco
859 1544 966 1609 omnis
989 1544 1148 1608 virtutum
1177 1545 1211 1604 et
1236 1539 1312 1604 viti-

133 1654 227 1696 orum
251 1638 301 1697 cst
328 1634 410 1697 silva
433 1634 592 1717 subiecta,
621 1634 734 1699 autin
761 1635 943 1698 animorum
972 1632 1081 1715 aliqua
1108 1629 1312 1714 permotione

133 1725 190 1785 aut
213 1721 377 1806 gignenda
401 1725 457 1786 aut
481 1723 624 1787 sedanda
647 1722 833 1787 tollendave
856 1725 1048 1786 tractantur.
1089 1717 1174 1783 Huic
1198 1717 1312 1802 generi

134 1810 279 1875 subiecta
299 1814 376 1874 sunt
394 1811 648 1895 cohortationes,
672 1811 926 1896 obiurgationes,
944 1808 1194 1890 consolationes,
1216 1806 1311 1870 mise

131 1899 275 1962 rationes
299 1899 468 1982 omnisque
493 1900 534 1962 ad
558 1920 688 1962 omnem
712 1899 814 1963 animi
837 1903 963 1963 motum
986 1901 1019 1962 et
1037 1895 1191 1980 impulsio
1216 1898 1259 1979 et,
1281 1895 1310 1959 si

131 1984 180 2048 ita
202 2007 253 2049 res
276 1984 369 2068 feret,
392 1986 564 2070 mitigatio.

79 2089 129 2136 119
220 2073 401 2156 Explicatis
431 2074 535 2156 igitur
562 2075 614 2138 his
638 2075 812 2160 generibus
841 2098 879 2140 ac
902 2075 1007 2139 modis
1036 2071 1311 2156 disceptationum

132 2161 278 2225 omnium
302 2162 384 2225 nihil
408 2184 486 2226 sane
511 2163 551 2227 ad
574 2185 643 2226 rem
667 2165 822 2248 pertinet,
851 2165 878 2228 si
902 2185 967 2246 qua
988 2163 1023 2226 in
1046 2184 1081 2226 re
1111 2160 1310 2243 discrepavit

131 2250 172 2314 ab
196 2249 334 2315 Antonii
357 2250 515 2316 divisione
537 2256 651 2316 nostra
674 2253 818 2337 partitio.
857 2251 982 2316 Eadem
1006 2254 1083 2315 sunt
1105 2249 1252 2314 membra
1273 2248 1310 2312 in
1323 2271 1348 2310 ar

131 2340 297 2423 utriusque
325 2339 561 2424 disputatione,
592 2341 648 2406 sed
675 2342 786 2425 paullo
815 2362 906 2406 secus
931 2363 950 2405 a
978 2362 1029 2404 me
1054 2343 1150 2422 atque
1179 2338 1222 2402 ab
1249 2337 1309 2402 illo

129 2430 253 2512 partita
274 2451 312 2493 ac
326 2430 459 2494 tributa.
491 2429 586 2494 Nunc
605 2431 646 2494 ad
664 2431 789 2514 reliqua
806 2429 996 2513 progrediar
1015 2449 1128 2512 meque
1142 2426 1183 2490 ad
1198 2447 1307 2491 meum

129 2539 246 2583 munus
270 2539 468 2603 pensumque
487 2519 656 2585 revocabo.
691 2517 777 2584 Nam
797 2518 922 2584 axillis
941 2518 1032 2599 locis,
1055 2537 1136 2601 quos
1156 2515 1307 2599 exposuit
1321 2535 1347 2576 ac

129 2607 308 2689 Antonius,
337 2609 446 2672 omnia
470 2613 546 2671 sunt
574 2608 614 2672 ad
638 2629 783 2692 quaeque
811 2627 933 2691 genera
956 2605 1187 2691 quaestionum
1213 2623 1307 2687 argu·

129 2698 240 2757 menta
259 2696 430 2782 sumenda;
453 2696 510 2761 sed
529 2698 602 2761 aliis
621 2698 795 2781 generibus
819 2698 874 2761 alii
892 2696 956 2761 loci
975 2695 1081 2779 magis
1105 2695 1200 2757 erunt
1224 2691 1306 2775 apti3
1321 2715 1346 2753 er

129 2781 168 2847 de
192 2803 256 2864 quo
281 2805 347 2847 non
369 2787 438 2848 tam
462 2786 539 2869 quia
560 2787 697 2872 longum
716 2791 775 2870 est,
799 2808 897 2870 quam
921 2785 998 2869 quia
1016 2784 1225 2867 perspicuum
1247 2784 1307 2865 est,

129 2869 193 2933 dici
216 2871 298 2941 nihil
322 2876 373 2936 est
395 2894 534 2939 necesse.

76 2972 127 3020 120
218 2957 452 3025 Ornatissimae
486 2965 562 3026 sunt
593 2962 696 3046 igitur
728 2963 892 3028 orationes
920 2983 990 3045 eac,
1028 2981 1110 3044 quae
1146 2957 1306 3022 latissime
1320 2979 1347 3019 ao

128 3050 290 3130 vagantur
313 3051 346 3110 et
369 3071 388 3112 a
410 3051 539 3132 privata
563 3071 601 3114 ac
620 3051 777 3134 singulari
801 3050 1024 3115 controversia
1044 3070 1079 3114 se
1102 3047 1144 3111 ad
1163 3046 1305 3112 universi

128 3136 256 3216 generis
282 3135 347 3199 vim
375 3137 598 3220 explicandam
626 3138 798 3203 conferunt
825 3143 858 3202 et
885 3140 1092 3220 convertunt,
1120 3138 1157 3200 ut
1180 3136 1224 3220 ei,
1248 3135 1305 3219 qui
1319 3157 1346 3196 aa

163 3330 206 3379 22.
221 3327 256 3380 ab
270 3326 391 3381 Antonii
403 3327 548 3396 divisim,
567 3328 593 3380 II
608 3328 689 3396 rcrff,
744 3330 790 3386 Or.
804 3329 856 3387 ruf.
882 3328 1002 3384 Noverit
1019 3329 1107 3397 igitur
1124 3327 1172 3382 hie
1190 3327 1305 3396 quidem

126 3395 185 3451 bes.
204 3412 251 3453 1e4.
744 3402 846 3468 orator,
854 3417 937 3471 quem
948 3418 1086 3455 summum
1097 3399 1304 3468 essevolumus,

163 3472 206 3522 25.
229 3468 350 3523 Nan-
365 3471 511 3538 sumenda,
529 3487 559 3526 so
582 3469 640 3524 dall
659 3487 689 3526 es
744 3477 974 3540 argumentorum
988 3474 1017 3526 et
1030 3470 1173 3526 rationum
1182 3470 1304 3524 locos-

77 3602 82 3612 ,
127 3538 188 3593 also
198 3539 276 3594 einer
287 3541 427 3609 etwaigen
437 3539 606 3612 Erghnzung
620 3544 689 3597 oder
743 3544 846 3612 quibus
860 3545 894 3598 ut
901 3545 944 3597 uti
957 3543 1049 3614 possit
1063 3545 1166 3609 orator,
1181 3557 1239 3595 uon
1252 3539 1303 3594 ille

126 3609 260 3665 weiteren
274 3610 448 3680 Erorterung
466 3612 496 3668 in
514 3613 606 3667 dieser
619 3613 689 3668 Hin·
742 3615 876 3684 vulgaris,
896 3615 946 3669 sed
965 3614 1012 3669 hic
1031 3612 1182 3679 excellens,
1200 3629 1217 3666 a
1236 3627 1301 3680 pro-

126 3679 199 3735 sicht
216 3681 297 3736 nicht
315 3682 420 3738 beders.
742 3687 811 3754 priis
820 3685 948 3757 personis
957 3691 986 3741 ct
995 3685 1170 3754 temporibus
1184 3697 1303 3752 semper,

161 3770 195 3807 en
222 3755 280 3808 illis
307 3755 387 3823 locis,
414 3770 453 3820 τες
481 3752 508 3808 ΙΙ
530 3770 569 3810 rac
594 3771 618 3812 a.
642 3754 688 3823 E.;
743 3758 768 3811 si
797 3760 905 3828 potest,
938 3758 1040 3812 avocat
1072 3755 1302 3812 controversiam.

126 3822 198 3878 lesff.
742 3828 840 3883 Latius
868 3830 943 3883 enim
969 3829 1003 3881 de
1029 3842 1131 3896 genere
1156 3841 1241 3894 quam
1266 3824 1302 3878 de

162 3900 205 3948 27.
224 3896 314 3964 napis
331 3895 401 3964 apti,
419 3894 446 3948 Il
465 3910 511 3951 111.
741 3903 823 3968 parte
842 3899 1000 3967 disceptare
1018 3898 1099 3965 licet,
1122 3899 1155 3950 ut
1178 3896 1254 3964 quod
1272 3895 1302 3949 in

161 3969 205 4017 30.
227 3965 427 4020 Ornatissimae
444 3968 456 4019 i
476 3969 542 4032 itnr,
560 3967 687 4021 Wieder-
741 3971 871 4024 universo
895 3970 933 4023 ait
950 3970 1101 4037 probatum
1123 3966 1155 4021 id
1173 3967 1203 4021 in
1220 3968 1301 4036 parte

126 4034 313 4104 auknuptuug
327 4052 363 4089 an
379 4037 429 4090 das
462 4037 559 4106 hema,
579 4038 629 4092 dae
643 4055 687 4092 or·
741 4040 780 4094 eit
797 4039 913 4109 probari
931 4054 1053 4094 necesse,

124 4107 191 4159 nate
210 4105 311 4174 dicere,
331 4106 382 4161 das
397 4109 440 4162 als
454 4108 565 4162 solches
583 4109 687 4177 gerade
777 4117 820 4165 32.
839 4111 985 4175 conferrent
998 4115 1023 4164 et
1038 4115 1209 4177 convertant,
1226 4125 1300 4164 wen-

125 4175 171 4229 die
190 4174 343 4246 Erhebung
366 4195 421 4233 von
440 4179 505 4234 dem
529 4180 688 4234 besondern
741 4180 796 4236 den
815 4181 876 4235 sich
894 4181 1108 4248 voraugavveire,
1125 4177 1300 4247 vvesentlich,

125 4244 334 4303 beschr'anhten
348 4248 497 4305 Einaelfall
512 4269 547 4304 zu
560 4251 686 4305 hoheren
739 4267 778 4307 ror
802 4253 912 4306 exstare
936 4253 1021 4318 atque
1046 4253 1181 4318 eminere,
1199 4251 1300 4305 beson-

126 4316 317 4386 allgcmcinen
326 4319 585 4391 Gesichtepunhten
599 4323 684 4377 erfor-
739 4322 803 4378 ders
830 4323 895 4377 klar
926 4322 1135 4390 hervortreten;
1167 4336 1207 4376 roa
1234 4336 1300 4376 con·

112 4386 183 4443 deri.
221 4381 352 4447 dhnh'eh
376 4392 419 4448 iet
443 4393 495 4450 der
520 4381 684 4468 llbergang:
738 4393 1300 4465 sumpta-etexhanata;1ercernereat
