2842 4778
489 207 738 265 ERKLARMNDE
757 208 911 265 INDICES.
1223 207 1288 274 561

118 374 152 428 dc
176 373 287 428 cultura
309 371 372 442 apri
395 370 557 440 praecipere
575 368 677 440 princi·
732 368 846 436 diceret,
864 370 946 424 etiam
964 370 1112 435 ostendam,
1133 371 1223 439 quotie
1240 371 1289 439 sis,

118 442 183 514 pale
205 442 261 496 fuit
289 443 373 496 etiam
398 441 474 511 apud
502 444 625 507 exteros3
654 440 678 494 si
732 440 811 508 isque
824 439 909 510 plane
923 439 1041 495 instaret
1058 439 1288 510 interrogatione,

119 515 233 584 quidem
247 514 277 568 et
289 530 369 582 reges
382 512 473 567 fecere
483 543 516 553 —
527 513 556 567 et
570 513 679 568 Poeaus
732 511 843 580 qualem
863 528 893 566 se
912 513 1073 568 ostensurus
1092 515 1179 578 esset,
1197 511 1288 582 digito

119 587 207 641 etiam
229 584 329 653 Mago,
357 583 402 638 cui
428 583 540 652 quidem
565 586 678 638 tantum
732 583 936 638 demonstrarit
966 583 1120 653 imaginem
1152 582 1228 638 Galli
1259 582 1290 638 in

119 659 255 712 honorem
269 656 381 710 senatus
395 658 489 709 noster
502 654 678 710 habuitOor-
733 656 812 709 scuto
831 653 968 710 Cimbrico
987 654 1101 724 pictam,
1121 653 1167 709 cui
1180 653 1291 709 Mancia

118 729 230 797 saepiae
244 732 335 796 copto,
353 727 394 794 ut,
412 743 476 780 cum
489 725 594 796 regulis
603 725 683 797 Afrif,
730 725 792 779 turn
806 723 965 779 simillimus
979 724 1056 779 visus
1070 726 1122 780 est.
1148 725 1291 780 Tabernae

119 815 168 854 cae
182 797 370 853 bibliothecas
385 797 509 865 donaret,
524 797 605 851 unius
618 797 678 851 eins
732 799 826 851 autem
842 799 923 851 erant
937 795 1125 863 circatorum,
1140 813 1173 852 ac
1181 801 1289 852 acutam

119 871 326 940 demdetrr'piuta
344 869 485 924 columma
503 870 631 923 censeret
648 867 678 922 in
731 865 802 921 illud
822 869 897 937 agni
913 869 1007 937 pretio
1025 866 1157 936 positum.

119 941 254 998 Latinam
264 941 390 1009 linguam
398 940 600 1006 transferenda,
615 955 679 992 cnm
768 936 799 994 0.
814 938 965 994 Hostilius
979 938 1135 993 Mancinus
1149 937 1163 990 1
1177 954 1225 1002 1813
1242 953 1289 994 aes.

119 1014 177 1068 iam
197 1012 233 1066 M.
248 1009 318 1065 (lato
336 1011 489 1081 praecepta
507 1008 679 1065 condidisset
731 1008 758 1063 II
773 1025 811 1064 uu
830 1010 871 1062 als
886 1011 992 1064 Konsnl
1011 1009 1051 1062 im
1064 1008 1089 1064 J.
1107 1015 1157 1064 137
1176 1009 1206 1063 in
1221 1010 1290 1078 Spa-

119 1086 168 1151 (so.
179 1084 213 1137 de
223 1098 253 1136 re
262 1082 387 1150 rustica),
401 1081 555 1151 peritisque
564 1081 677 1151 linguae
731 1081 805 1135 nien.
833 1081 900 1135 Hier
920 1080 1011 1150 geriet
1024 1097 1054 1135 er
1071 1096 1122 1135 vor
1134 1080 1290 1135 Numantia

118 1155 240 1209 Punicae
259 1153 381 1206 dandum
401 1151 556 1220 negotium,
573 1151 604 1205 in
622 1167 677 1220 quo
731 1152 784 1205 mit
812 1152 917 1205 seiuem
945 1151 1020 1205 Heer
1046 1152 1077 1205 in
1104 1150 1167 1206 eine
1195 1151 1290 1207 solchc

138 1224 272 1280 raecessit
295 1224 337 1279 vir
360 1223 531 1278 clarissimae
553 1221 678 1277 familiae
730 1222 821 1292 hage,
844 1220 902 1277 dall
921 1237 951 1276 er
973 1223 1145 1292 rettungslos
1163 1223 1291 1279 verloren

118 1244 151 1351 i).
171 1295 291 1350 Silanus.
733 1293 828 1348 schien
846 1294 903 1348 und
921 1295 1022 1361 daher,
1046 1311 1094 1346 um
1113 1296 1162 1348 der
1180 1293 1290 1349 sichem

154 1366 251 1423 Malor
270 1364 467 1436 (griechische)
485 1363 526 1418 ΙΙΙ
540 1379 574 1420 ss.
600 1364 677 1419 Brut.
731 1364 926 1434 Vernichtung
943 1382 977 1418 zu
994 1367 1042 1420 eut
1063 1366 1143 1430 ehen,
1162 1365 1217 1419 den
1231 1366 1289 1421 Nu·

116 1454 142 1494 to
165 1437 270 1492 Similis
289 1439 319 1490 in
334 1437 449 1505 pictura
467 1434 541 1491 ratio
561 1437 605 1489 est
623 1435 677 1504 (als
731 1435 890 1491 mantinern
922 1435 1004 1491 einen
1032 1383 1086 1504 (iar
1113 1435 1159 1490 die
1187 1437 1291 1492 Rlimer

116 1509 162 1564 bei
190 1509 240 1563 der
267 1507 386 1574 Plastik,
414 1524 435 1560 s.
459 1507 542 1575 ind),
565 1507 597 1561 in
622 1523 678 1575 qua
732 1505 1114 1577 schimpflichen)Vergleich
1122 1506 1216 1563 anbot.
1235 1507 1291 1562 Um

114 1580 231 1635 Zeuxim
239 1577 677 1650 etPolppuotametTimanthem
732 1577 781 1632 des
803 1576 863 1633 Tib.
883 1578 1024 1650 Gracchus
1048 1577 1155 1646 willen,
1180 1579 1230 1634 der
1248 1579 1291 1633 als

116 1654 146 1705 ct
169 1668 278 1720 eorum,
306 1648 355 1718 qui
377 1666 434 1703 non
457 1653 523 1704 sunt
545 1649 589 1704 usi
612 1649 676 1718 plus
731 1648 852 1715 Qutstor
874 1648 924 1703 des
942 1649 1064 1704 Konsuls
1090 1650 1144 1704 den
1166 1649 1290 1720 Peldnug

116 1739 202 1790 quam
221 1724 342 1790 quatuor
356 1720 504 1789 coloribus,
523 1722 629 1787 samos
647 1723 677 1774 et
729 1719 907 1786 mitmachte,
933 1719 1077 1774 sohlossen
1100 1720 1145 1774 die
1163 1720 1289 1776 Numan-

115 1795 280 1848 le'ueomeata
298 1793 457 1860 laudamus3
483 1793 514 1845 at
531 1791 561 1846 in
579 1792 676 1848 Proto·
729 1790 804 1846 tiner
827 1791 882 1846 den
902 1789 1023 1861 Vertrag
1044 1791 1103 1845 und
1126 1792 1290 1861 gewahrten

116 1880 203 1934 gene,
235 1865 331 1933 Apelle
366 1863 424 1916 iam
455 1862 582 1931 perfecta
612 1864 677 1917 sunt
730 1863 795 1917 dem
809 1863 899 1918 Heere
917 1861 1006 1917 freien
1019 1862 1127 1932 Ahzug.
1156 1861 1221 1917 Dail
1240 1863 1290 1919 der

117 1937 218 1990 omnia.
244 1963 279 1974 -
303 1932 396 1997 Quint.
414 1933 466 1987 XII
486 1939 555 2000 10,e
581 1934 676 2002 Primi,

732 1934 853 2004 Vertrag
866 1934 991 1989 nachher
1005 1932 1036 1988 in
1049 1932 1122 1988 Rom
1135 1934 1291 1990 verworfen

117 2022 236 2075 quorum
259 2004 372 2072 quidem
400 2019 486 2072 opera
512 2019 570 2057 non
596 2007 677 2059 vetu-

730 2006 896 2075 ward,·trug
906 2022 955 2059 nur
966 2004 1008 2075 Op
1031 2006 1134 2060 ositiou
1148 2005 1197 2060 des
1206 2004 1292 2061 Grac·

118 2073 201 2130 statis
227 2075 310 2129 modo
338 2075 431 2144 gratia
458 2075 577 2130 visenda
603 2079 676 2141 sunt,

118 2145 187 2201 clari
201 2148 321 2216 pictores
338 2145 425 2201 fuisse
445 2145 576 2200 dicuntur
591 2146 675 2217 Poly·

116 2223 216 2288 gnotus
234 2219 264 2272 et
282 2218 455 2287 Aplocphoa,
474 2233 592 2287 quorum
612 2218 676 2272 sim·

116 2290 182 2359 plex
193 2290 270 2344 color
279 2288 323 2343 sni
333 2288 474 2345 studiosos
488 2290 579 2344 adhuc
588 2289 676 2345 habet

118 2363 163 2430 (—
173 2360 252 2415 velut
269 2360 381 2415 futurae
394 2377 459 2416 mox
476 2362 544 2415 artis
558 2361 676 2429 primor-

117 2432 183 2498 dia).
199 2462 231 2471 —
247 2431 315 2486 Post
334 2432 438 2486 Zeuxis
452 2435 539 2501 atque
557 2431 675 2487 Parrha-

118 2502 174 2556 sius
197 2517 253 2555 non
276 2502 396 2556 multum
420 2505 516 2556 aetate
539 2503 677 2558 distantes

119 2571 194 2625 circa
216 2571 421 2641 Peloponnesia
443 2573 527 2626 ambo
549 2574 678 2628 temore

118 2641 318 2710 —plurimum
333 2641 388 2695 arti
402 2641 577 2698 addiderunt.
604 2592 678 2707 Quo-

118 2729 181 2766 rnm
204 2712 282 2781 prior
307 2713 443 2767 luminum
468 2714 679 2783 umbrosamque

118 2784 259 2838 invenisse
281 2785 429 2849 rationem,
452 2784 589 2839 secundus
613 2801 679 2839 exa-

118 2853 242 2910 minasse
269 2853 401 2909 subtilius
431 2853 521 2909 lineas
548 2855 678 2911 traditur.

119 2957 154 2969 ·-
173 2924 284 2980 Ploruit
301 2928 397 2980 autem
421 2925 497 2980 circa
515 2926 679 2996 Philippum

118 3000 149 3054 et
166 3012 254 3067 usque
273 2997 310 3052 ad
335 3013 507 3052 successores
526 2997 680 3052 Alexandri

119 3069 230 3137 pictura
248 3068 397 3138 praecipue
416 3070 467 3123 sed
489 3071 605 3125 diensis
623 3072 679 3125 uir·

119 3141 234 3195 toruae
261 3139 335 3193 Nam
354 3156 422 3194 cura
434 3139 615 3210 Protogenes,
634 3157 679 3196 ra-

120 3210 198 3264 tione
229 3208 392 3279 Pamphilus
429 3228 462 3266 ac
498 3212 679 3279 Melanthius,

121 3280 259 3335 facilitate
282 3279 446 3350 Antiphilus
464 3283 631 3353 -ingenio
650 3287 680 3339 et

120 3352 227 3420 procia,
255 3369 338 3420 quam
360 3352 390 3407 in
417 3369 446 3408 se
472 3353 533 3424 ipse
558 3355 679 3410 maxime

120 3423 217 3494 iactat,
232 3424 341 3492 Apelles
355 3425 399 3478 est
411 3425 679 3492 praestantissimus.

156 3494 506 3561 llelrlusManclallscs;
517 3510 565 3552 aas.
585 3496 679 3561 Quint.

119 3564 193 3631 vla,
203 3581 228 3621 aa
235 3565 254 3618 f.
274 3565 356 3619 Risus
371 3565 498 3620 oriuntur
512 3568 562 3620 aut
576 3583 610 3621 ea
623 3583 680 3622 eor·

118 3653 185 3706 pore
203 3637 272 3700 eius,
289 3636 320 3688 in
339 3652 421 3702 quem
435 3634 564 3703 dicimus,
584 3639 634 3691 aut
647 3655 681 3691 ex

731 2076 798 2130 chus
821 2093 912 2146 gegen
936 2075 981 2131 die
1025 2077 1186 2133 ristolrratie
1209 2077 1290 2132 nicht

729 2148 823 2272 ,velnig
837 2147 896 2274 ὶῖθίε
915 2145 948 2201 G.
963 2149 999 2202 ad
1016 2149 1290 2286 tmiqlscqnffiisiiim

743 2235 1070 2274 munaum—exue
1117 2237 1147 2274 ro
1186 2237 1201 2274 o
1236 2237 1290 2276 eres

730 2289 902 2415 {amantini
920 2290 998 2343 bouis
1015 2290 1107 2345 iratres
1126 2292 1291 2359 accesserat,

754 2364 807 2416 rut.
827 2376 875 2414 roe.

765 2431 816 2485 M'.
834 2429 979 2486 Manilius
1002 2430 1086 2497 12123
1115 2446 1164 2486 sse.
1192 2431 1232 2485 ΙΙΙ
1250 2447 1290 2487 ree

731 2501 840 2557 Konsul
858 2501 897 2554 im
914 2501 939 2557 J.
960 2505 1024 2565 149,
1044 2502 1106 2556 eine
1127 2500 1290 2571 juristische

732 2572 878 2628 Antorittt
892 2573 990 2642 (daher
1005 2589 1061 2627 von
1076 2571 1131 2627 (lic.
1147 2573 1176 2627 in
1195 2574 1291 2629 seinen

731 2644 861 2698 Buchern
874 2644 909 2698 de
923 2660 980 2713 rep.
992 2647 1075 2698 unter
1089 2643 1135 2698 die
1149 2645 1290 2700 Personen

733 2714 782 2769 dee
796 2714 913 2784 Dialogs
931 2714 1148 2784 anigenommen
1165 2715 1178 2768 I
1192 2732 1226 2770 rs.
1252 2717 1291 2772 III

733 2799 759 2840 rr
781 2786 828 2840 hic
849 2786 918 2840 iuris
941 2791 1036 2842 noster
1057 2785 1215 2864 interpres).
1251 2789 1292 2843 Er

733 2858 834 2926 gehdrt
856 2856 985 2926 angleich
1008 2875 1042 2910 zu
1059 2857 1115 2910 den
1137 2857 1290 2913 bedenten-

733 2927 820 2982 deren
850 2928 1029 2997 juristischen
1062 2928 1291 2998 Schrifistellern,

733 2999 786 3053 wie
814 2999 887 3053 deun
911 3001 994 3053 unter
1019 2999 1126 3054 andern
1152 3015 1209 3054 von
1231 3000 1291 3053 ihm

733 3070 779 3124 die
794 3071 975 3126 Mantitouuc
992 3072 1060 3140 uper
1075 3071 1214 3126 oecultum
1227 3088 1291 3127 cen·

732 3142 882 3198 dmdoram
910 3142 935 3196 d.
960 3143 988 3196 h.
1021 3143 1084 3196 eine
1112 3142 1290 3198 Zusammen·

733 3213 858 3282 stellung
886 3213 935 3267 der
966 3213 1013 3268 bei
1044 3213 1290 3269 Kaufliontrakten

732 3285 864 3340 dblichen
872 3285 1002 3340 Formeln
1016 3286 1183 3340 herruhrten
1196 3284 1290 3355 ssata).

769 3355 822 3412 (in.
836 3355 967 3411 Manlius
985 3357 1043 3427 (od.
1057 3356 1183 3422 Mallius)
1201 3357 1291 3412 Maxi·

733 3445 795 3481 mus
813 3427 840 3480 Il
853 3442 901 3482 125.
929 3426 987 3481 Das
1000 3427 1076 3483 Volk
1089 3445 1141 3498 zog
1159 3429 1208 3481 ihn
1224 3428 1292 3485 ‘non

734 3498 824 3552 solum
833 3497 996 3566 ignobilem,
1004 3516 1100 3553 verum
1110 3502 1168 3553 siue
1178 3499 1291 3570 virtute,

734 3567 793 3622 sine
807 3568 931 3636 ingenio,
948 3568 1010 3623 vita
1023 3571 1110 3624 etiam
1129 3573 1292 3641 contempta

734 3654 767 3692 ac
792 3638 915 3692 sordida'
936 3641 974 3708 (p.
997 3639 1092 3696 Plauc.
1112 3643 1148 3710 ra)
1171 3641 1236 3695 dem
1259 3643 1290 3710 Q.

120 3709 226 3772 animo,
251 3705 300 3773 qui
318 3704 400 3759 factis
424 3707 460 3760 ab
483 3721 516 3761 eo
541 3706 680 3777 dictisque
734 3707 851 3763 Catulus
876 3710 923 3764 bei
950 3711 1000 3765 der
1026 3711 1201 3782 Bewerbuug
1228 3732 1291 3770 ums

121 3777 277 3846 colligitur,
306 3777 356 3830 aut
378 3793 412 3830 ex
433 3777 491 3843 his,
519 3794 592 3846 quae
616 3780 682 3832 sunt
733 3776 872 3834 Konsnlat
891 3797 955 3846 νοις
979 3799 1008 3837 er
1026 3783 1105 3837 ward
1122 3783 1230 3839 Konsul
1251 3787 1293 3841 im

121 3846 322 3916 extraposita.
359 3847 436 3902 Intra
454 3849 524 3902 haec
544 3850 620 3903 euim
638 3853 681 3905 est
733 3850 830 3905 J.105.
851 3849 1004 3907 ‘Paridem
1017 3855 1128 3923 tempus
1142 3856 1291 3912 adversum

121 3917 212 3974 omnis
230 3918 411 3987 vituperati03
433 3935 504 3989 quae
524 3921 548 3974 si
566 3921 679 3990 gravius
733 3919 830 3977 Gallos
854 3924 889 3976 ab
908 3924 1025 3980 ducibus
1049 3924 1153 3980 nostris
1173 3926 1205 3990 Q.
1225 3927 1292 3984 an-

120 3989 216 4061 posita
230 3989 275 4056 sit,
290 4005 387 4044 severa
401 3993 452 4057 est,
467 3991 491 4046 si
504 3991 602 4060 levius,
613 3992 679 4046 ridi·
732 3993 817 4065 pione
841 3995 870 4047 et
888 3995 936 4049 Cn.
955 3995 1062 4051 Manlio
1085 3999 1159 4052 male
1182 4015 1291 4070 pugna·

122 4063 193 4118 cula.
239 4059 317 4114 Haec
344 4063 394 4116 aut
420 4065 602 4119 ostenduntur
629 4066 680 4119 aut
732 4065 816 4132 tum’,
845 4066 911 4121 Sall.
936 4067 996 4136 lug.
1018 4073 1078 4124 114.
1115 4067 1214 4124 Dieser
1241 4089 1292 4125 un-

119 4137 270 4190 narrantur
288 4135 338 4186 aut
363 4133 438 4188 dicto
456 4136 597 4191 notantur.
625 4136 679 4191 Ra·
733 4137 903 4206 gltickliche,
922 4137 1030 4208 blutige
1045 4141 1150 4209 Kampf
1162 4141 1210 4196 des
1224 4141 1291 4198 Pro·

119 4223 181 4259 rum
193 4208 242 4273 est,
258 4206 290 4258 ut
300 4205 514 4261 omiscaticere
524 4207 679 4277 contingat,
732 4207 834 4262 konsul
849 4208 880 4275 Q.
897 4208 1032 4265 Servilius
1047 4208 1149 4280 Caepio
1165 4212 1224 4266 und
1241 4214 1292 4269 des

119 4278 153 4330 ut
169 4276 238 4361 fecit
257 4276 286 4331 (l.
305 4274 406 4358 Iulius,
432 4277 480 4344 qui
499 4295 561 4332 cum
579 4279 679 4361 Melcte
733 4279 840 4364 Monsul
853 4278 1033 4364 Gn3Manlius
1047 4282 1185 4338 Maximus
1198 4299 1292 4367 gagen

122 4347 256 4402 Moucroe
283 4363 394 4417 saeprus
423 4349 596 4418 obstrepenti
624 4351 679 4405 s1b1
733 4349 779 4404 dic
792 4368 823 4404 1n
836 4349 948 4406 Galhen
962 4353 1291 4424 eingedrnugenencrm·
