2842 4778
149 184 215 250 490
490 183 538 238 DE
557 182 729 240 ORATORE
747 183 786 238 111
805 188 847 254 to,
862 200 909 241 rso.
929 200 976 241 1sc.

149 345 310 432 Sidonius,
333 369 428 432 quem
451 351 488 412 tu
508 348 618 433 probe,
641 346 764 428 Catule,
787 347 974 431 meministi,
997 348 1113 413 solitus
1138 351 1188 412 est
1206 369 1345 413 versusr

148 436 353 502 hexametros
382 437 528 520 aliosque
555 435 653 501 variis
683 435 788 501 modis
818 440 913 521 atque
942 437 1086 502 numeris
1116 435 1249 500 fundere
1280 457 1348 501 exa

147 529 295 609 tempore
318 529 506 610 tantumque
529 524 671 590 hominis
694 525 855 610 ingeniosi
878 547 916 590 ac
938 525 1089 590 memoris
1108 525 1211 590 veluit
1229 546 1344 589 exer-s

149 614 276 698 citatio,
299 619 349 697 ut,
372 636 444 679 curn
469 635 503 678 se
526 617 633 678 mente
657 635 693 680 ac
716 615 883 679 voluntate
906 614 1098 679 coniecisset
1120 613 1155 678 iu
1177 634 1346 694 versum,r

148 703 247 768 verba
269 706 486 788 sequerentur,
510 707 629 786 quanto
652 703 686 767 id
704 701 832 767 facilius
851 703 886 766 in
905 703 1064 782 oratione,
1087 703 1347 768 exercitationes

149 795 182 856 et
205 791 435 857 consuetudine
459 791 615 875 adhibita,
639 793 883 876 consequemur!

97 895 148 946 1915
237 878 322 945 Illud
341 884 449 945 autern
466 901 508 944 ne
527 880 598 964 quis
618 880 807 963 admiretur,
826 901 967 964 quonam
990 879 1087 944 modo
1106 879 1185 943 haec
1203 879 1347 964 vulgusr

67 998 69 1002 ’
103 1006 105 1012 .
148 969 372 1052 imperitorum
400 970 435 1033 in
458 968 616 1035 audiendo
639 972 744 1034 notet:
773 990 846 1033 cum
869 969 903 1033 in
932 969 1021 1033 omni
1048 988 1163 1053 genere
1191 971 1261 1033 tum
1285 969 1320 1032 in

147 1056 209 1122 hoc
227 1058 298 1143 ipso
313 1078 432 1143 magna
446 1057 604 1141 quaedam
623 1060 673 1122 est
687 1057 736 1123 vis
753 1057 1015 1142 incredibilisque
1029 1060 1174 1122 naturae.
1198 1055 1318 1122 Omnes

148 1147 236 1211 enim
258 1147 358 1212 tacito
383 1145 522 1231 quodam
546 1168 644 1211 sensu
668 1147 736 1210 sine
754 1146 823 1211 ulla
842 1150 911 1210 arte
931 1151 989 1210 aut
1005 1145 1131 1211 ratione
1151 1167 1233 1229 quae
1252 1146 1319 1210 sint
1333 1168 1363 1208 ro

146 1237 181 1299 in
205 1235 328 1300 artibus
353 1256 390 1299 ae
412 1234 593 1300 rationibus
616 1239 706 1300 recta
724 1257 762 1300 ac
784 1256 886 1318 prava
909 1233 1101 1318 diiudicant3
1124 1234 1220 1318 idque
1244 1256 1317 1300 cum
1332 1258 1358 1298 11

146 1323 273 1388 faciunt
294 1323 327 1387 in
350 1323 486 1407 picturis
510 1328 543 1388 et
564 1324 597 1387 in
620 1323 722 1408 signis
742 1327 775 1388 et
792 1325 827 1388 in
845 1323 919 1388 aliis
938 1324 1099 1407 operibus,
1122 1322 1318 1408 adquorum

146 1411 402 1497 intellegentiam
426 1435 446 1477 a
467 1415 586 1477 natura
608 1413 716 1477 minus
739 1412 861 1477 babent
878 1411 1095 1496 instrumenti,
1117 1414 1188 1476 tum
1211 1411 1316 1476 multo

147 1501 323 1565 ostendunt
349 1501 455 1587 magis
478 1501 514 1565 in
537 1501 723 1585 verborum,
750 1523 958 1566 numerorum
981 1521 1159 1585 vocumque
1187 1499 1316 1584 iudicio,
1345 1548 1349 1571 2

148 1589 233 1673 quod
256 1610 295 1653 ea
318 1592 394 1654 sunt
415 1591 450 1655 in
471 1589 696 1655 communibus
715 1590 816 1655 infixa
834 1589 981 1654 sensibus
1000 1610 1060 1653 nec
1078 1611 1190 1654 earum
1208 1611 1316 1654 rerum

55 1752 57 1757 s
96 1694 145 1745 196
158 1699 353 1763 quemquam
375 1679 520 1743 funditus
542 1683 659 1743 natura
682 1699 752 1744 esse
775 1678 879 1744 voluit
902 1681 1076 1762 expertem.
1112 1677 1226 1762 Itaque
1249 1699 1316 1742 non

146 1767 253 1833 solum
267 1766 373 1832 verbis
388 1768 590 1851 antepositis
605 1770 776 1833 morentur
790 1788 912 1849 omnes,
930 1787 1043 1830 verum
1058 1767 1156 1831 etiam
1170 1767 1314 1831 numeris

146 1877 183 1920 ac
205 1855 347 1921 vocibus.
384 1854 510 1931 Quotus
533 1855 620 1920 enim
643 1856 779 1941 quisque
803 1860 853 1921 est
875 1855 930 1940 qui
952 1858 1062 1920 teneat
1084 1859 1189 1920 artem
1206 1876 1315 1920 nume
1330 1877 1357 1917 rs

145 1965 255 2008 rorum
284 1965 322 2008 ac
350 1944 542 2009 modorum?
588 1944 634 2008 At
660 1945 694 2008 in
721 1945 768 2009 eis
797 1945 826 2009 si
854 1945 1000 2029 paullum
1029 1943 1124 2009 modo
1156 1944 1314 2009 offensum

146 2036 205 2115 est,
229 2036 266 2096 ut
289 2034 345 2096 aut
368 2031 589 2098 contractione
609 2031 740 2098 brevius
758 2033 850 2098 fieret
869 2035 925 2098 aut
943 2032 1154 2116 productione
1173 2033 1314 2118 longius,

144 2120 272 2185 theatra
295 2123 366 2185 tota
389 2120 575 2186 reclamant.
608 2119 700 2206 Ouid,
722 2122 784 2188 hoc
803 2144 871 2187 non
893 2121 978 2186 idem
996 2121 1035 2186 fit
1057 2122 1092 2186 in
1110 2121 1254 2208 vocibus,
1276 2125 1314 2186 ut
1327 2144 1353 2183 21

182 2302 204 2350 1.
224 2310 380 2366 qoem,1ss;
399 2311 446 2351 su.
755 2296 861 2351 welche
884 2295 1072 2351 theoretische
1097 2294 1313 2366 Unterweieung

178 2372 203 2422 2.
217 2368 342 2435 fundere,
361 2385 414 2422 nur
432 2384 463 2423 so
482 2364 701 2440 herausgiellem
755 2366 823 2422 oder
841 2366 1005 2422 technische
1023 2367 1141 2436 Regeln.

143 2438 334 2508 ausschr’itten,
352 2439 419 2493 wir:
440 2438 502 2493 ‘aus
522 2438 586 2492 dem
604 2425 700 2493 drmel
791 2443 832 2492 11.
843 2439 875 2493 in
886 2438 993 2495 ambus
1006 2453 1040 2493 ac
1052 2437 1311 2508 rutiondomssruct

143 2509 312 2577 schdtteln'3
331 2510 388 2580 vgl.
407 2526 432 2565 o.
452 2522 499 2564 rrc.
754 2509 784 2564 in
803 2508 859 2564 den
876 2508 1094 2564 verschiedenen
1115 2507 1243 2591 Zweigen
1261 2507 1312 2563 der

177 2596 211 2635 ccc
238 2586 366 2651 tempore,
395 2580 488 2646 Quint.
507 2579 534 2634 X
557 2585 585 2649 7,
606 2596 632 2635 rs
658 2579 701 2634 ita
753 2580 846 2636 Kunst
867 2580 924 2635 und
943 2577 1075 2646 Theorie;
1099 2577 1129 2634 in
1152 2579 1259 2635 artibus
1278 2595 1312 2635 ac

143 2649 310 2707 facilitatem
324 2667 434 2722 quoquc
449 2650 700 2722 extemporalema
753 2651 908 2709 rationibus
935 2651 1025 2707 bildet
1047 2668 1082 2705 zu
1107 2651 1171 2706 dem
1197 2665 1311 2706 voraus·

140 2722 234 2791 parvis
248 2722 335 2778 initiis
349 2722 498 2793 paullatim
514 2722 697 2794 perducemus
751 2723 898 2792 gehenden
930 2723 990 2778 sine
1022 2723 1083 2777 arte
1119 2724 1169 2777 aut
1200 2721 1310 2778 ratione

141 2794 178 2848 ad
197 2811 335 2848 summam
353 2825 387 2835 -
406 2793 474 2849 ibid.
493 2809 519 2850 rs
543 2811 607 2848 cum
625 2795 697 2850 hanc
751 2793 833 2850 einen
851 2793 1006 2850 treffenden
1025 2791 1192 2864 Oegensuta.

140 2864 306 2922 facilitatem
329 2883 386 2921 non
402 2881 487 2936 prosa
512 2866 595 2921 modo
614 2866 698 2920 multi
787 2863 1073 2934 18.teneot,11s;ae;
1089 2879 1140 2931 18⁶3
1155 2879 1207 2932 1s1;
1222 2863 1249 2918 11
1260 2877 1309 2920 eoo

140 2937 197 2991 sint
215 2937 370 3005 consecuti,
390 2936 439 2992 sed
458 2936 544 2991 etiam
564 2935 696 3005 carmine,
786 2934 1162 3004 21.reclumaat,es;01.1rs
1180 2933 1214 2989 In
1227 2949 1310 2990 versu

139 3008 172 3061 ut
192 3009 342 3076 Antipater
365 3006 495 3063 Sidonius
519 3009 549 3062 st
571 3007 696 3062 Licinius
750 3007 863 3076 quidem
880 3005 993 3061 theatra
1009 3007 1072 3061 tota
1090 3006 1266 3076 exclamant,
1284 3007 1310 3061 si

139 3077 264 3133 Archias.
749 3076 804 3131 luit
821 3092 887 3158 'una
910 3074 1021 3144 syllaba
1049 3078 1097 3132 aut
1119 3076 1231 3159 brevior
1258 3079 1309 3133 aut

139 3155 696 3274 ..tillttlthldtndltt
749 3146 1309 3301 teruneinnititur:

174 3294 199 3343 4.
219 3305 246 3344 sc
264 3295 349 3345 mate
367 3305 400 3343 oc
412 3289 551 3344 uoluntate
569 3290 696 3345 corbeis·
748 3286 820 3343 1llud
844 3290 919 3356 quod
938 3287 1056 3344 offendit
1076 3291 1126 3345 aut
1143 3307 1193 3345 cur
1210 3290 1307 3361 autin

138 3366 177 3414 set
195 3362 227 3416 iu
244 3376 363 3427 sermm,
386 3359 484 3415 sobald
507 3376 537 3414 er
560 3360 620 3414 sich
642 3359 696 3414 mit
749 3375 805 3429 quo
829 3359 966 3428 offendat,
985 3360 1141 3431 intellegit,
1163 3364 1308 3418 ettamen

139 3430 243 3487 vollem
268 3431 387 3486 Denlxen
413 3431 472 3485 und
494 3429 608 3487 Wollen
633 3431 695 3486 aufe
750 3429 1307 3501 omniumlongitudinumetbrevitetum

138 3502 343 3558 Versemachen
361 3501 494 3573 verlegte.
748 3502 777 3556 in
801 3506 876 3557 sonis
900 3503 973 3558 sicut
996 3505 1141 3558 acutarum
1164 3503 1306 3572 gravium

174 3579 198 3630 t.
221 3579 408 3645 sequerentur,
436 3574 495 3629 sich
523 3589 579 3628 von
606 3573 695 3628 selbst
748 3589 802 3643 que
821 3589 922 3629 vocum
934 3573 1258 3643 indiciumipsanatura
1275 3573 1306 3628 in

137 3643 297 3714 einfanden,
312 3644 357 3701 Or.
366 3660 405 3702 roc
420 3644 693 3715 ut-intellegamus
748 3644 861 3701 auribus
875 3645 978 3702 nostris
993 3643 1150 3702 collocavit.
1168 3644 1269 3701 Parad.
1279 3651 1305 3715 8,

136 3733 193 3772 non
211 3717 369 3788 quaesitum
388 3734 448 3774 essa
467 3734 625 3786 numerum,
644 3715 693 3772 sed
747 3732 760 3772 a
778 3717 879 3773 histrio
894 3717 918 3773 si
932 3719 1059 3788 paullum
1077 3733 1107 3771 se
1120 3716 1211 3772 movit
1224 3718 1306 3772 extra

136 3791 275 3854 secutum3
290 3788 380 3858 ugia.
396 3788 445 3844 des
456 3790 534 3845 alten
545 3788 615 3844 (lato
625 3787 694 3844 Oen·
747 3805 895 3843 numerum
922 3791 972 3843 aut
1004 3789 1028 3843 si
1055 3804 1151 3844 versus
1183 3803 1305 3859 pronun·

136 3860 225 3914 scrius
249 3859 406 3930 Mahnung:
430 3875 489 3914 rem
512 3863 588 3928 tene,
611 3860 694 3915 oudo
747 3858 835 3914 tiatus
854 3864 898 3914 est
920 3858 1031 3930 syllaba
1047 3875 1104 3914 una
1125 3858 1238 3915 brevior
1255 3861 1305 3914 aut

135 3936 287 4000 sequemur.
747 3930 858 4000 longior
886 3931 1049 3985 exsibilatur
1076 3933 1106 3985 et
1132 3929 1303 3999 exploditur.

171 4007 196 4058 7.
215 4019 250 4058 rw
267 4002 329 4072 quis
346 4003 408 4070 etc,
428 4003 485 4072 vgl.
503 4001 516 4055 I
534 4017 556 4057 s.
748 4001 811 4056 Wie
830 4018 922 4071 genau
941 4018 970 4056 es
988 3999 1019 4056 in
1036 4001 1128 4056 dieser
1144 4000 1306 4072 Beziehung

173 4078 214 4130 10.
233 4075 325 4140 tacito,
338 4070 500 4140 unbewullt,
520 4087 572 4140 rss;
593 4070 639 4126 Or.
654 4087 693 4127 aas
748 4071 793 4126 die
807 4072 893 4126 Alteri
910 4071 1041 4138 nahmen,
1061 4071 1178 4127 beweist
1190 4072 1240 4127 das
1255 4071 1305 4127 be·

135 4162 253 4213 quorum
266 4146 317 4217 (sc.
328 4146 470 4214 versuum)
484 4144 599 4200 modum
611 4143 694 4198 notat
746 4142 852 4197 kannte
872 4140 997 4212 Beispiel
1020 4143 1069 4196 des
1093 4141 1304 4213 Schauspielers

135 4230 195 4286 ars,
223 4217 272 4273 sed
300 4232 380 4272 aures
407 4216 486 4286 ipsae
510 4213 600 4270 tacito
628 4230 692 4268 eum
747 4213 789 4267 He
810 4211 933 4277 elochus,
949 4213 998 4268 der
1011 4213 1062 4268 das
1077 4213 1306 4270 vorletateWort

135 4303 219 4342 sensu
238 4288 297 4343 sine
316 4289 377 4343 arte
396 4285 540 4343 definiunt.
745 4284 775 4338 in
823 4282 893 4354 urip.
919 4282 1081 4341 Oresteae
1110 4281 1142 4340 ἐκ
1169 4282 1303 4356 κυμάτων

170 4360 230 4415 sinc
251 4361 311 4416 ullo
329 4365 388 4416 arte
410 4363 476 4429 etc,
501 4359 574 4415 ohne
592 4357 691 4428 irgend
746 4351 800 4425 γὰρ
820 4346 856 4409 αὖ
875 4351 975 4425 γαλήν’
992 4351 1048 4425 ὁρῶ
1068 4371 1099 4411 so
1116 4355 1227 4427 sprach,
1244 4353 1304 4412 dall
