2842 4778
504 219 553 274 ou
572 218 746 275 onerosa
764 219 804 273 111
821 225 847 290 a,
861 235 881 275 1.
896 235 917 274 s.
1237 219 1305 284 405

112 405 236 470 1quam
264 384 357 468 quasi
384 386 607 468 exspectantes
637 385 713 466 post
742 383 810 447 eius
840 382 1007 447 interitum
1034 383 1242 447 veniebamus
1270 383 1304 447 in

139 473 271 558 curiam,
293 477 330 537 ut
348 473 520 557 vestigium
538 471 618 536 illud
637 473 755 555 ipsum,
778 473 812 536 in
832 493 894 555 quo
913 471 970 535 ille
993 475 1192 554 postremum
1212 472 1304 536 insti·

138 564 246 647 iisset,
270 564 501 626 contueremur.
537 558 686 645 Namque
708 564 779 625 tum
800 561 886 625 latus
906 561 935 625 ei
956 560 1075 624 dicenti
1098 559 1303 626 condoluisse

139 651 350 735 sudoremque
372 649 510 715 multum
529 653 737 715 consecutum
755 670 825 713 esse
844 649 1066 734 audiebamus,
1088 671 1126 712 ex
1144 671 1207 733 quo
1231 671 1305 714 cnm

139 740 367 821 cohorruisset,
378 761 451 803 cum
460 739 543 803 febri
552 739 683 804 domum
693 738 790 802 rediit
799 737 913 823 dieque
924 739 1061 821 septimo
1072 739 1182 802 lateris
1193 738 1303 804 dolore

138 834 347 913 consumptus
369 831 427 892 est.
465 826 491 892 Ο
510 826 660 892 fallacem
677 826 846 892 hominum
864 848 956 911 spem
974 826 1187 912 fragilemque
1204 826 1305 893 fortu·
1324 846 1339 894 1

111 937 212 982 enam
228 921 261 981 et
273 919 386 981 inanes
404 921 533 980 nostras
553 916 791 981 contentiones!
816 937 897 1000 quae
916 915 1021 980 medio
1035 916 1069 979 iu
1089 916 1173 999 spati
1189 937 1305 1000 osaepe

136 1007 335 1092 franguntur
349 1010 382 1070 et
395 1009 549 1070 corruunt
572 1008 628 1070 aut
647 1008 723 1070 ante
741 1005 776 1069 in
795 1005 866 1088 ipso
886 1027 980 1070 cursu
999 1005 1189 1089 obruuntur,
1208 1026 1305 1088 quam

110 1099 268 1179 oportum
290 1096 474 1179 conspicere
497 1096 681 1178 potuerunt.
726 1092 813 1159 Nam
841 1093 992 1178 quamdiu
1016 1091 1126 1159 Crassi
1154 1094 1218 1158 fuit
1241 1116 1306 1159 am·

136 1184 270 1250 bitionis
294 1184 404 1249 labore
428 1183 497 1248 vita
519 1183 676 1264 districta,
698 1183 822 1248 tamdiu
845 1183 981 1266 privatis
1004 1181 1110 1267 magis
1133 1182 1249 1247 officiis
1273 1187 1306 1247 et

97 1292 121 1331 11
137 1273 260 1358 ingenii
282 1273 377 1337 laude
399 1273 509 1336 floruit
532 1294 627 1356 quam
650 1272 757 1337 fructu
777 1271 998 1354 amplitudinis
1018 1277 1074 1336 aut
1091 1272 1139 1335 rei
1156 1271 1305 1356 publicae

137 1361 304 1446 dignitate.
337 1361 400 1438 Qui
418 1364 526 1425 autem
546 1382 650 1425 annus
669 1361 698 1424 ei
712 1361 836 1445 primus
853 1361 894 1425 ab
909 1360 1069 1426 honorum
1083 1361 1306 1444 perfunctione

97 1469 122 1508 1³
137 1451 259 1516 aditum
288 1452 432 1515 omnium
459 1471 613 1515 concessu
641 1449 682 1514 ad
709 1472 869 1514 summam
892 1450 1118 1515 auctoritatem
1142 1450 1255 1532 dabat,
1276 1450 1304 1515 is

136 1539 204 1604 eius
228 1561 358 1604 omnem
381 1561 471 1623 spem
495 1543 592 1623 atque
616 1538 726 1603 omnia
748 1539 834 1603 vitae
858 1539 992 1603 consilia
1015 1543 1119 1604 morte
1138 1539 1305 1623 pervertit.

97 1645 123 1685 1⁵
137 1627 211 1693 Fuit
224 1628 286 1694 hoc
300 1629 482 1694 luctuosum
501 1629 576 1709 suis,
596 1628 747 1692 acerbum
766 1628 901 1712 patriae,
920 1648 1017 1713 grave
1031 1627 1125 1691 bonis
1140 1628 1304 1712 omnibus3

97 1736 123 1775 re
138 1718 192 1781 sed
212 1718 241 1781 ci
259 1722 369 1782 tamen
387 1718 433 1782 rei
452 1717 601 1800 publicae
620 1739 713 1781 casus
733 1717 834 1781 secuti
854 1720 936 1799 suut,
955 1720 992 1780 ut
1010 1716 1091 1779 mihi
1108 1737 1175 1780 non
1193 1722 1305 1800 erepta

135 1805 170 1870 L.
203 1805 320 1872 Crasso
354 1828 373 1870 a
402 1806 451 1869 dis
485 1806 723 1870 immortalibus
756 1806 836 1886 vita,
874 1805 929 1869 sed
962 1805 1082 1869 donata
1113 1827 1201 1870 mors
1235 1826 1305 1870 esse

96 1915 122 1954 rs
136 1896 291 1961 videatur.
335 1894 413 1960 Non
438 1894 520 1959 vidit
546 1894 740 1981 flagrantem
763 1894 895 1959 Italiam
919 1894 1019 1977 bello,
1047 1915 1112 1959 non
1141 1894 1305 1959 ardentem

95 2004 121 2042 rs
136 1983 258 2047 invidia
273 1987 431 2065 senatum,
451 2005 516 2047 non
532 1985 661 2048 sceleris
676 1982 792 2048 nefarii
806 1983 966 2067 principes
986 1983 1129 2048 civitatis
1144 2005 1226 2065 reos,
1240 2005 1306 2048 non

96 2091 122 2131 ao
135 2073 260 2137 luctum
282 2072 379 2154 filiae,
403 2094 469 2137 non
492 2073 640 2137 exsilium
663 2071 784 2157 generi,
805 2094 871 2137 non
893 2073 1133 2137 acerbissimam
1157 2070 1190 2138 C.
1209 2071 1306 2137 Marii

97 2161 261 2245 refugam,
282 2183 349 2226 nou
368 2161 456 2226 illam
477 2165 552 2245 post
568 2163 706 2227 reditum
726 2162 793 2225 eius
814 2161 943 2225 caedem
963 2162 1104 2226 omnium
1125 2161 1306 2226 crudelissi-

97 2271 122 2309 ee
136 2273 232 2336 mam,
255 2273 320 2315 non
337 2251 481 2336 'denique
504 2251 538 2315 in
562 2252 652 2316 omni
671 2270 788 2336 genere
808 2249 1021 2315 deformatam
1041 2271 1112 2314 eam
1131 2251 1305 2333 civitatem,

37 2350 45 2391 “.
96 2359 121 2398 ae
136 2340 168 2402 iu
193 2362 257 2424 qua
280 2341 348 2423 ipse
371 2340 602 2405 florentissima
623 2341 761 2404 multum
785 2340 936 2404 omnibus
955 2339 1061 2424 gloria
1078 2340 1305 2423 praestitisset

174 2482 197 2529 1.
225 2493 306 2545 qaam
329 2479 410 2545 quasi
432 2482 627 2546 respectantes,
652 2477 693 2531 als
748 2479 830 2531 unter
844 2478 893 2532 der
907 2494 969 2546 apes
984 2478 1041 2531 und
1055 2477 1109 2530 den
1124 2476 1217 2531 omnia
1228 2474 1305 2531 vitae

135 2542 234 2598 muare
254 2546 294 2598 sie
313 2546 370 2599 sich
389 2549 462 2600 noch
482 2548 586 2601 einmal
606 2549 694 2601 hbren
749 2548 866 2601 consilia
879 2567 913 2602 zu
928 2548 1038 2602 denken
1052 2548 1111 2614 hat,
1131 2547 1176 2601 die
1191 2546 1304 2603 Crassus

136 2614 237 2670 lassen.
748 2618 787 2670 im
805 2618 830 2672 J.
845 2625 877 2672 91
898 2620 1042 2674 crstrebte.
1072 2618 1225 2674 Vielleicht
1243 2620 1305 2674 eine

172 2684 393 2740 Unverkennbar
421 2685 484 2739 sind
511 2687 556 2741 die
583 2686 694 2741 Seufaer
749 2685 879 2757 Stellung
902 2691 943 2743 als
961 2689 1099 2744 leitender
1118 2689 1305 2758 Staatsmann,

135 2757 164 2810 in
190 2774 201 2813 1
225 2756 294 2810 iiber
317 2757 366 2811 das
387 2756 530 2825 tragische
549 2756 693 2820 cerchia<
749 2759 821 2812 etwa
834 2757 930 2828 prinae
952 2762 1091 2814 ssenatus
1106 2776 1143 2813 an
1152 2762 1202 2815 der
1211 2760 1304 2830 Spitze

135 2829 183 2883 des
203 2827 318 2882 Crassus
332 2825 481 2897 Anlrlange
500 2845 536 2882 an
555 2828 601 2881 die
619 2828 693 2897 sige·
749 2826 825 2882 einer
843 2778 1026 2900 gemidigten
1044 2830 1252 2886 Aristokratie?

134 2918 188 2954 neu
206 2900 329 2954 bitteren
347 2899 557 2970 Erfahrungen,
580 2898 633 2953 wie
653 2901 693 2954 sie
784 2904 826 2954 15.
845 2903 912 2966 sais,
930 2900 957 2953 11
975 2915 1023 2956 ase.

134 2969 235 3040 Iafg.
253 2970 378 3025 berfihrt.
652 2980 654 2984 “
786 2977 826 3026 lc.
847 2978 947 3042 erepta,
966 2972 1016 3027 das
1029 2972 1124 3027 wlirde
1138 2990 1202 3027 man
1219 2990 1305 3043 sagen

171 3048 196 3097 1.
214 3043 301 3097 medio
319 3042 360 3108 ia,
379 3057 412 3097 1e.
438 3041 551 3097 Schultz
566 3048 581 3108 ς
597 3047 658 3111 441,
673 3060 694 3099 1.
748 3048 869 3110 miissen,
888 3061 968 3098 wenn
987 3045 1036 3098 ihn
1055 3043 1100 3098 die
1115 3044 1222 3099 invidia
1240 3046 1305 3099 deo·

134 3114 234 3166 anders
267 3113 280 3166 I
308 3128 346 3168 151
379 3115 567 3205 frangantur,
593 3114 694 3169 Aeseh.
747 3132 810 3168 rum
835 3114 911 3169 einer
937 3115 1159 3185 gliicklichen
1182 3116 1306 3171 anrunit

138 3188 238 3254 Agam.
249 3189 301 3238 505
315 3185 425 3238 πολλῶν
439 3186 608 3255 ραγεισῶν
621 3181 694 3240 fieri·
749 3185 887 3241 entrissen
904 3185 992 3243 hatte.

139 3257 196 3308 δων
216 3257 282 3325 μιᾶς
299 3253 399 3323 τυχών.
785 3262 826 3312 18.
847 3259 914 3313 betto
933 3275 970 3312 sc.
989 3257 1110 3312 Marsico
1129 3276 1152 3312 s.
1173 3257 1278 3313 sociali.

176 3332 199 3380 9.
215 3333 327 3396 portam
345 3328 507 3396 conspicere,
525 3328 576 3382 auf
588 3327 613 3383 d.
628 3327 693 3382 Bild
784 3330 921 3384 ardentem
935 3331 1046 3385 iaeidia
1054 3335 1179 3385 senatum
1192 3329 1306 3384 wieder

128 3396 694 3454 ‘einerSeeiahrtbereitenschonvorher
748 3399 835 3454 Sonat
862 3400 911 3454 der
937 3399 1115 3471 Gegenstand
1145 3398 1305 3469 gichenden

140 3469 185 3523 die
195 3467 358 3523 Ausdruclee
368 3468 477 3540 fragilis
486 3470 606 3536 fortuna,
618 3469 693 3522 fran-
746 3470 849 3525 Hasses
876 3473 985 3539 warde,
1017 3472 1059 3525 als
1087 3473 1170 3541 111131
1202 3488 1232 3525 er
1259 3471 1305 3525 die

139 3543 250 3609 guntur,
264 3541 293 3594 in
307 3539 369 3609 ipso
380 3557 461 3594 cursu
472 3541 692 3596 obruunturvor.
747 3540 880 3610 alleinige
900 3541 1004 3596 Schuld
1025 3558 1071 3596 am
1089 3541 1238 3598 Ausbruch
1256 3543 1305 3598 des

173 3612 332 3666 ambitionis
350 3612 449 3677 labore,
467 3609 481 3662 I
499 3627 519 3665 1.
746 3611 1096 3683 Bundesgenossenkriegs.

175 3681 692 3752 11111111111111119111111.1111111-
784 3689 825 3737 19.
844 3686 950 3739 sceleris
969 3686 1082 3753 nefarii,
1101 3684 1143 3738 als
1157 3689 1250 3738 wiron
1264 3685 1305 3739 sie

138 3753 212 3807 vatis
220 3751 353 3807 officiisu.
363 3752 425 3806 dem
433 3753 540 3822 ingenii
546 3753 608 3806 laus
618 3756 694 3808 steht
746 3754 959 3809 Hochverrtter.
970 3756 1087 3821 1111115
1099 3762 1140 3824 11,
1149 3771 1197 3822 1³0,
1206 3761 1303 3821 11521.

138 3826 277 3892 entgegsn
306 3821 356 3876 der
382 3824 462 3877 mehr
488 3823 563 3877 reale
585 3822 692 3880 fructus
782 3832 825 3880 20.
845 3827 946 3881 tactam
964 3829 1052 3894 filiae,
1071 3844 1091 3880 s.
1111 3829 1168 3882 ind.
1187 3826 1304 3882 Licinia.

138 3893 330 3962 amplitudinis
354 3891 454 3949 Genuss
479 3892 692 3950 einflullreicher
781 3898 1304 3968 arseium-caedem,nullatenu.

139 3964 267 4034 Stellung
285 3964 342 4018 und
359 3966 400 4020 rei
419 3965 548 4035 publicae
568 3965 691 4036 dignitas
782 3974 825 4022 22.
844 3970 969 4038 denique,
986 3985 1019 4025 ee.
1039 3986 1085 4026 raa.
1106 3984 1152 4024 ras.
1172 3984 1223 4037 1⁷93
1242 3968 1303 4036 1443

137 4036 188 4090 das
211 4037 341 4091 Ansehen
367 4037 414 4091 bei
440 4036 617 4107 praktischer
638 4038 692 4093 Be·
745 4039 882 4108 1146376.

137 4108 288 4178 thitigung
305 4108 334 4162 in
353 4109 402 4162 der
421 4108 663 4179 Staatsleitung.
781 4128 889 4180 periere,
908 4130 928 4166 s.
943 4112 1000 4167 ind.
1019 4111 1105 4166 Licin.
1125 4131 1151 4166 u.
1172 4111 1303 4166 Cornelii.

174 4185 215 4234 13.
234 4181 356 4234 amatam
374 4196 509 4248 concessa,
527 4180 540 4233 I
555 4197 576 4234 1.
782 4187 824 4236 13.
831 4185 1021 4254 praestitisset,
1032 4181 1247 4253 derKonj.,weil
1258 4183 1304 4238 ein

172 4249 209 4303 Es
224 4254 298 4304 wttre
313 4252 377 4304 sehr
390 4250 565 4306 interessent.
580 4251 692 4306 uwich·
746 4255 976 4322 vergleichender
991 4255 1146 4322 Gegensatz
1163 4255 1303 4324 augrunde

137 4320 180 4390 tig
202 4340 236 4375 zu
259 4322 372 4389 wissen,
395 4338 453 4374 was
475 4339 540 4376 man
560 4323 618 4377 sich
644 4339 693 4392 ge·
746 4324 817 4392 liegt
836 4343 869 4378 eu
887 4324 983 4379 videre
1003 4323 1146 4380 civitatem
1166 4326 1303 4381 deforma·

138 4409 224 4447 nauer
241 4397 323 4447 unter
341 4394 390 4446 der
409 4409 518 4446 summa
531 4394 692 4459 auctoritas,
745 4399 818 4461 tam3
846 4412 937 4464 genau
965 4413 1049 4464 quam
1077 4396 1303 4453 florentissimam
