2842 4778
168 201 238 266 492
548 199 596 255 un
617 198 790 255 canrosa
809 198 848 253 1u
867 204 909 266 52,
924 214 972 254 199.

169 366 253 430 sicut
275 364 371 431 hodie
396 365 492 429 etiarn
520 363 696 429 nonnullos
719 362 878 446 videmus,
906 384 978 427 cum
999 360 1168 426 circuitum
1191 364 1223 425 et
1247 361 1339 445 quasi

170 455 281 519 orbem
304 454 477 518 verborum
501 451 657 517 conficere
680 472 746 517 non
769 455 903 536 possent
926 447 1017 537 (nam
1036 450 1069 514 id
1091 450 1220 534 quidem
1237 471 1369 534 nupera

169 543 221 607 vel
244 564 339 627 posse
362 542 414 606 vel
438 540 554 606 audere
581 538 777 626 coepimus),
803 544 896 605 terna
927 544 984 604 aut
1009 539 1087 603 bina
1111 543 1168 603 aut
1189 539 1369 604 nonnullis

170 632 299 734 singula
332 631 430 695 etiam
462 630 561 694 verba
589 629 840 780 Ι(11(3θὶηιέῐςχῃή
869 629 903 692 in
936 629 996 693 illa
1022 628 1160 693 infantia
1190 628 1371 692 naturales

169 718 1369 962 llllqllptlfflutthltlllltltlllltlllsslrtll3

169 921 190 963 u
208 919 281 962 eren
298 919 346 962 ur.

65 991 102 1048 52
124 999 175 1049 199
264 985 407 1070 Exposui
425 985 503 1068 fere,
525 989 562 1049 ut
580 984 680 1068 potui,
699 1005 780 1067 quae
798 983 938 1048 maxime
957 983 997 1048 ad
1016 987 1164 1049 ornatum
1184 981 1370 1049 orationise

173 1075 335 1159 pertinere
354 1073 548 1138 arbitrabar.
579 1071 654 1136 Dixi
669 1072 754 1136 enim
772 1071 810 1137 de
830 1073 1033 1158 singulorum
1051 1070 1147 1136 laude
1160 1071 1369 1153 verborum

172 1164 237 1228 dixi
262 1164 300 1228 de
324 1162 551 1228 coniunctione
575 1182 694 1241 eornm,
717 1161 783 1225 dixi
802 1161 842 1226 de
859 1183 993 1226 numero
1013 1164 1110 1246 atque
1127 1160 1241 1226 forma.
1278 1157 1341 1225 Sed
1357 1184 1384 1224 ιο

172 1253 200 1317 si
219 1252 368 1316 habitum
388 1250 486 1315 ctiam
506 1251 663 1316 orationis
683 1254 716 1314 et
734 1251 827 1334 quasi
846 1251 986 1315 colorem
1008 1250 1149 1334 aliquem
1167 1248 1342 1334 requiritis,
1357 1274 1383 1312 11

171 1344 221 1405 est
235 1344 268 1404 et
281 1341 378 1426 plene
392 1339 560 1424 quaedam,
579 1338 635 1403 sed
648 1343 760 1403 tamen
775 1343 869 1422 teres,
889 1343 921 1403 et
934 1340 1051 1422 tenuis,
1069 1360 1135 1404 non
1150 1339 1219 1403 sine
1232 1339 1341 1402 nervis
1357 1362 1383 1401 re
1411 1353 1413 1358 ’

172 1450 209 1494 ac
236 1428 373 1512 viribus,
402 1432 435 1492 et
458 1450 511 1511 ea,
541 1449 622 1512 quae
650 1429 812 1513 particeps
840 1429 1009 1512 utriusque
1038 1427 1167 1513 generis
1200 1428 1341 1510 quadam

172 1517 391 1583 mediocritate
409 1516 567 1582 laudatur.
596 1515 657 1581 His
676 1516 782 1581 tribus
801 1516 913 1601 figuris
932 1516 1072 1581 insidere
1092 1515 1223 1600 quidam
1241 1536 1339 1581 venu·
1355 1540 1382 1578 ιι

172 1608 265 1671 statis
288 1629 353 1673 non
376 1606 450 1672 fuco
473 1606 587 1690 illitus,
610 1605 664 1671 sed
688 1606 845 1691 sanguine
869 1605 1004 1670 diffusus
1027 1605 1122 1670 debet
1144 1605 1242 1670 color.
1357 1625 1382 1666 15

206 1823 232 1871 2.
252 1818 342 1872 orbem
359 1817 513 1882 certorum,
533 1813 579 1870 Or.
589 1831 627 1870 ne
643 1815 729 1870 collo·
818 1816 851 1870 dc
864 1831 975 1871 numero
987 1821 1068 1886 alque
1076 1815 1168 1882 forma
1177 1814 1238 1885 (der
1246 1815 1341 1870 Perio-

172 1887 309 1943 cebuntnr
334 1886 473 1942 verbe-
491 1890 523 1940 ut
548 1886 640 1940 forme
667 1884 729 1955 ipse
783 1885 1120 1956 denbildung),1re-1ae.

172 1959 400 2026 concinnitasque
424 1956 572 2012 verborum
601 1957 731 2012 conficiat
818 1957 873 2013 Sed
899 1959 925 2013 ei
950 1958 1087 2023 habitum,
1110 1956 1202 2011 damit
1224 1955 1342 2012 bershrt

172 2029 267 2084 orbem
287 2046 375 2082 suum.
412 2041 451 2083 scr
475 2043 542 2095 ergo
565 2027 595 2081 in
613 2026 676 2083 eliis
694 2059 727 2069 —
783 2026 898 2084 Crassus
918 2029 1052 2084 annachst
1069 2027 1195 2083 klirzlich
1209 2026 1256 2083 die
1275 2024 1341 2097 σχή-

171 2099 266 2168 placet
289 2097 384 2153 omnia
405 2097 462 2152 dici
479 2097 619 2152 Isocrateo
638 2097 728 2154 Theo·
783 2119 858 2169 ματα
876 2096 1045 2155 ὑποθέσεων
1062 2101 1096 2168 (s.
1114 2098 1172 2155 ind.
1186 2100 1275 2168 lum),
1296 2098 1341 2155 die

171 2184 448 2310 essecutus
467 2167 729 2309 ll
780 2171 1340 2312 {aarumrursusqua

441 2283 448 2310 i

172 2313 238 2366 orbe
260 2311 369 2367 incluse
393 2316 487 2366 currat
509 2311 611 2381 oratic,
636 2311 729 2381 quoad
782 2327 924 2382 nerungen
946 2311 986 2366 im
1010 2313 1166 2382 einzelnen)
1189 2311 1267 2366 nicht
1290 2324 1339 2381 ge—

171 2383 284 2447 insistat
305 2382 335 2437 in
354 2382 472 2453 singulis
494 2381 628 2452 perfectis
647 2383 728 2439 absc·
782 2383 899 2438 rechnet
917 2383 1029 2438 werden
1046 2383 1167 2439 ktnneu.

172 2455 295 2525 latisque
305 2453 460 2509 sententiis.
480 2453 727 2537 aminThucydide
819 2459 859 2508 11.
879 2456 1018 2525 lechitum,
1035 2453 1068 2509 Fi
1107 2474 1122 2509 r
1139 2453 1195 2510 und
1211 2451 1339 2521 Haltnng

173 2526 268 2581 orbem
304 2527 387 2581 modo
425 2524 559 2580 orationis
591 2526 728 2594 deerdcrc¹
781 2524 821 2579 im
843 2524 1039 2596 allgemeinen‚
1057 2525 1211 2596 geichsam
1225 2524 1271 2579 die
1285 2523 1341 2578 Ge-

172 2597 337 2652 crnamenta
355 2598 525 2666 comparent.
680 2606 691 2680 ’ἱ
783 2595 852 2652 stalt
869 2599 926 2651 und
945 2595 1154 2666 Kenetituticn‚
1172 2597 1249 2651 Brut.
1268 2611 1317 2652 aar.

172 2666 730 2821 dnilddziaidsdsvlirsddlirzediniaiiafflhddi
817 2669 970 2810 0102102)ῗῆιῖ
971 2685 1039 2809 6etc,
1053 2738 1108 2794 mit
1120 2708 1281 2809 Beziehung
1295 2737 1345 2793 aul

172 2826 219 2866 ru.
239 2810 296 2867 Orc.
307 2811 396 2866 denkt
410 2810 492 2865 dabei
502 2808 644 2865 netdrlrch
658 2811 730 2864 auch
786 2810 832 2865 die
850 2811 910 2865 drci
925 2808 1162 2880 generedicendi,
1183 2825 1229 2866 ru.
1256 2808 1341 2880 plena

176 2898 212 2936 an
230 2881 290 2936 sein
309 2882 422 2952 eigenes
441 2881 597 2936 Verdienst.
631 2880 676 2936 Or.
691 2897 729 2936 ru
785 2880 941 2952 entspricht
959 2883 1039 2937 mehr
1052 2884 1114 2936 dem
1137 2896 1226 2951 genus
1238 2879 1341 2936 Asiati·

172 2954 210 3007 Et
227 2953 302 3023 apud
316 2952 436 3007 Graecos
455 2951 569 3020 quidem
587 2953 643 3006 iam
663 2952 730 3006 anni
784 2970 848 3008 cum
866 2950 960 3022 (γένος
980 2948 1083 3023 ἁδρόν,
1107 2968 1196 3023 genus
1215 2951 1341 3022 grande).

173 3041 260 3147 prope
279 3023 478 3093 quadringenti
498 3022 575 3090 eunt,
595 3038 657 3076 cum
676 3023 730 3077 hoc
819 3029 900 3091 teres,
926 3024 1014 3092 vtllig
1037 3024 1094 3078 und
1117 3023 1200 3078 dabei
1223 3021 1342 3078 schlanlr

172 3111 223 3162 pro
244 3096 318 3160 etnr;
353 3109 404 3147 nos
434 3110 524 3162 nuper
555 3093 728 3162 agnovimus.
783 3093 841 3147 und
859 3093 981 3162 zierlich‚
1000 3095 1058 3148 fein
1077 3093 1212 3165 gehildet.
1250 3093 1297 3149 Or.
1316 3109 1342 3150 se

172 3163 244 3218 Einl.
264 3163 277 3215 Ι
295 3169 309 3228 5
329 3168 371 3231 10,
391 3178 424 3218 er.
785 3164 821 3217 ad
844 3163 1000 3219 Atticorum
1023 3165 1111 3234 igitur
1134 3180 1215 3220 aures
1236 3166 1342 3220 teretes

208 3241 233 3288 3.
248 3239 328 3287 terna
342 3234 403 3299 etc,
418 3230 447 3285 in
465 3233 555 3287 einem
563 3233 647 3303 jeder
657 3232 730 3288 Sata.
785 3235 815 3290 et
832 3234 978 3305 religiosas
1004 3238 1052 3304 qui
1072 3252 1101 3290 se
1120 3235 1341 3303 accommodant,

207 3311 233 3360 4.
252 3305 387 3371 infantia,
406 3317 453 3357 142.
785 3305 811 3360 ei
835 3308 902 3360 sunt
924 3306 1105 3362 existimandi
1128 3307 1223 3363 Attice
1248 3305 1343 3362 dicere

209 3382 234 3431 t.
252 3380 284 3430 et
302 3380 327 3429 et
344 3375 397 3429 illa
414 3379 500 3428 esent
518 3375 619 3444 parta,
643 3374 731 3430 ecdess
785 3376 878 3446 (γένος
906 3375 1015 3448 ἰσχνόν,
1048 3379 1175 3449 subtile),
1208 3377 1343 3433 uthrend

175 3444 216 3501 sie
240 3447 298 3500 alec
318 3444 391 3527 doch
409 3445 471 3500 eine
489 3445 543 3498 Art
560 3462 615 3500 von
634 3447 730 3517 rhyth-
785 3449 835 3502 der
852 3448 1038 3505 rhodische
1058 3449 1112 3504 Stil
1124 3449 1263 3504 awischen
1277 3448 1342 3503 dem

173 3518 295 3572 mischer
336 3516 509 3585 Glrederung
550 3518 599 3571 des
637 3517 731 3574 Setces
786 3519 1000 3576 asiatischen
1019 3520 1077 3576 und
1095 3520 1273 3576 attischen
1296 3520 1343 3575 die

172 3589 280 3644 hatten.
785 3589 868 3646 Mitte
886 3591 958 3646 hielt
973 3589 1067 3662 (γένος
1085 3591 1179 3664 μέσον,
1198 3590 1342 3661 medium).

210 3668 234 3716 6.
262 3666 288 3716 et
312 3660 471 3731 aequalibus
499 3660 731 3730 interspiraticni-
823 3669 864 3717 14.
884 3664 1077 3730 mediocritate,
1095 3662 1140 3718 ein
1156 3661 1219 3731 Stil,
1238 3663 1288 3716 der
1301 3663 1343 3716 als

173 3733 232 3800 bus,
252 3747 300 3787 1⁷3.
784 3734 899 3789 Einheit
923 3735 1018 3790 beider
1041 3735 1091 3788 das
1110 3734 1259 3790 Verdienst
1275 3731 1344 3858 glan

209 3811 233 3859 8.
255 3805 295 3857 Zu
314 3804 377 3857 dem
396 3805 511 3856 ornatus
531 3804 653 3872 gehtren
666 3802 732 3856 end·
785 3805 908 3875 Vcrzng)
932 3806 1008 3860 einer
1033 3803 1251 3861 vermittelnden
1303 3805 1343 3860 al-

174 3874 231 3930 lich
249 3874 323 3929 noch
342 3872 387 3927 die
406 3872 513 3927 lumina
530 3874 732 3928 sententiarum
785 3879 857 3942 teng
869 3877 929 3944 hat,
944 3877 996 3931 wir
1009 3879 1095 3931 etwa:
1110 3874 1278 3945 ‘gleichsam
1292 3893 1343 3932 aus

174 3948 204 4001 et
221 3946 378 4011 verborum,
398 3941 551 4012 gleichsam
570 3945 616 3998 die
630 3944 731 3998 einzel-
785 3947 835 4002 der
845 3947 1017 4017 Einhaltung
1027 3947 1256 4015 dergcldenen
1264 3945 1344 4001 Mit-

174 4033 228 4072 nen
244 4013 489 4070 Schmnclrsachen
506 4014 563 4068 und
577 4014 731 4083 Pretioeen‚
784 4014 961 4072 telstralle
975 4017 1020 4072 ihr
1028 4017 1180 4073 Verdienet
1188 4016 1343 4084 herleitet';

174 4087 219 4142 die
238 4106 301 4142 aum
317 4085 403 4140 Glana
421 4084 479 4138 und
496 4101 544 4138 zur
558 4084 663 4140 Pracht
681 4085 731 4140 des
784 4105 813 4157 p.
832 4089 902 4142 Mur.
921 4103 947 4143 ce
972 4104 1067 4143 omnes
1091 4089 1211 4146 virtutes
1236 4088 1344 4145 medic·

174 4159 288 4227 Anzngs
303 4158 402 4212 dienen
418 4156 488 4226 (arc),
507 4174 528 4210 s.
542 4156 598 4212 ind.
614 4157 730 4211 lumina.
785 4157 885 4213 critate
904 4158 1026 4228 quadarn
1045 4177 1105 4216 esse
1124 4161 1292 4216 moderates.

210 4236 235 4283 9.
250 4229 468 4299 desinpulcmm
484 4228 566 4283 laude
580 4228 730 4297 vetorum,
819 4230 951 4300 insidere,
983 4232 1047 4286 wir:
1077 4231 1158 4286 ‘liber
1185 4230 1246 4287 ihm
1273 4229 1344 4286 rnnO

174 4315 297 4356 149-171.
785 4299 946 4370 schweben‚
964 4301 1105 4357 thronen’.
1329 4308 1332 4313 “

212 4377 252 4426 10.
272 4373 304 4427 de
321 4371 522 4438 coniunctione,
540 4384 663 4426 arr-rra.
822 4378 863 4427 16.
881 4373 954 4441 face,
975 4388 1022 4429 100.
