2842 4778
117 261 184 328 570

153 424 188 481 L.
211 422 357 480 Aemilius
380 423 496 479 Paulus
518 423 544 476 ΙΙ
561 439 601 479 ere
628 424 678 478 der

117 493 250 550 leibliohe
261 495 347 548 Vater
366 495 415 549 des
430 495 568 576 jungerem
583 494 676 564 Scipio

118 563 323 635 (Aemilianus),
339 564 436 633 Sieger
445 566 491 620 ber
500 565 599 634 Pydna
607 567 677 621 uber

119 637 236 692 Perseus
255 637 295 689 im
312 636 337 690 J.
359 642 409 692 168
428 655 454 692 v.
474 636 524 694 ch.

153 708 264 763 Peleus
281 706 321 761 ΙΙΙ
340 721 374 763 ιτ.

152 779 290 834 Perloles
308 778 321 831 I
338 793 386 832 ere.
414 776 440 831 II
457 794 491 835 sa.
520 778 560 832 ΙΙΙ
578 793 616 846 593
637 795 675 845 τις

117 866 170 916 ree,
194 850 241 918 qui
261 866 324 904 cum
343 850 454 904 floreret
477 851 552 904 omni
574 865 677 920 genere

118 921 245 990 virtutis,
264 922 319 975 hae
336 922 432 975 tamen
451 921 505 975 fuit
523 922 607 976 laude
627 926 674 990 (so.

118 992 307 1062 eloquentiae)
333 991 503 1048 clarissimus
523 992 611 1061 (Brut.
630 996 676 1063 ae),

118 1065 159 1118 ita
184 1065 217 1118 ut
248 1079 312 1117 cum
344 1063 531 1119 delectatione
563 1064 676 1119 aculeos

117 1135 204 1191 etiam
221 1134 392 1202 relinqueret·
407 1135 557 1218 inanimis
572 1151 675 1203 eorum,

116 1204 675 1346 s1tritustiutittitistit

118 1351 152 1414 (s.
179 1346 257 1416 ind.).
294 1345 372 1400 Brut.
400 1362 427 1401 ιι
458 1347 489 1401 P.
517 1347 676 1417 Xanthippi

116 1416 190 1472 filius
214 1416 320 1486 primus
348 1416 482 1472 adhibuit
508 1417 674 1487 doctrinam,

118 1503 190 1558 quae
218 1504 387 1558 quamquam
415 1493 476 1543 tum
503 1489 583 1544 nulla
614 1496 676 1545 erat

117 1559 236 1626 dicendi,
255 1559 402 1614 tamenab
419 1558 590 1630 Anaxagora
605 1562 675 1631 phy·

117 1632 175 1687 sioo
191 1631 317 1686 eruditus
331 1630 559 1687 exercitationem
574 1633 675 1687 mentis

119 1718 136 1756 a
153 1699 307 1757 reconditis
326 1701 517 1772 abstrusisque
535 1703 619 1758 rebus
639 1704 675 1758 ad

120 1790 219 1829 oausas
233 1773 357 1827 forenses
370 1774 576 1843 popularesque
591 1775 675 1830 facile

116 1844 287 1899 traduxerat.
312 1845 400 1898 Huius
410 1847 546 1900 αιαοιῖοέι
556 1846 675 1900 maxime

116 1915 254 1969 hilaratae
269 1917 335 1968 sunt
347 1915 484 1983 Athenae,
498 1916 581 1969 huius
595 1916 674 1971 aber-

116 1989 198 2040 tatem
213 1989 241 2039 et
254 1986 362 2052 copiam
371 1985 536 2055 admiratae,
551 1986 676 2041 eiusdem

116 2057 172 2110 eim
185 2055 295 2110 dicendi
313 2060 490 2126 numenque
507 2055 674 2125 timuerunt,

117 2127 192 2181 deun
205 2125 235 2180 in
244 2124 347 2180 Pericli
360 2125 448 2181 labris
463 2126 575 2197 scripsit
584 2127 677 2198 Eupo·

116 2197 152 2251 lis
185 2197 360 2252 sessitavisse
391 2195 485 2252 usitat
518 2199 599 2253 deam
630 2200 677 2254 vel

117 2268 234 2323 snadam
249 2268 337 2338 (Brut.
351 2270 397 2338 se).
429 2268 462 2324 ln
477 2270 526 2324 der
539 2268 676 2326 Komddie

119 2338 168 2394 des
182 2342 342 2409 genennten
355 2339 485 2395 Dichters
499 2342 594 2412 Δῆμοι
608 2338 676 2397 hiess

121 2427 149 2466 es
168 2410 291 2465 ntmlich
309 2427 365 2465 von
383 2411 519 2466 Pericles:

153 2478 299 2549 κράτιστος
325 2475 408 2545 οὗτος
435 2478 543 2552 ἐγένετ’
563 2479 675 2554 ανθρώ-

328 2571 390 2607 πων
408 2550 514 2623 λέγειν·

152 2620 238 2678 ὁπότε
258 2621 397 2693 παρέλθοι
407 2622 440 2709 d’
458 2621 550 2699 doure
565 2622 676 2696 ἁγαθοὶ

153 2761 184 2821 ἐν
202 2762 274 2820 δέκα
291 2696 476 2853 nodamina
499 2764 588 2838 λέγων
609 2766 675 2832 τοὺς

328 2834 455 2908 equoque.

115 2907 146 2964 B.
170 2902 261 2977 ταχῦν
283 2908 374 2997 λέγεις
396 2906 560 2997 τιένζποὸς
587 2909 620 2966 δέ
644 2906 672 2981 γ’

329 2999 418 3035 αντου
438 3002 476 3052 τῳ
495 3001 576 3050 ταχει

151 3046 252 3105 Πειθώ
276 3070 317 3113 τις
344 3047 516 3117 &uenalicias
543 3049 590 3107 ἐπὶ
615 3060 674 3116 τοῖς

329 3123 456 3190 χείλεσιν.

151 3188 239 3253 οὕτως
263 3186 359 3276 ἐκήλει
380 3192 429 3245 καὶ
447 3188 534 3261 μόνος
551 3193 607 3246 τῶν
626 3190 673 3263 iiq-

327 3281 418 3330 τορων

150 3325 673 3405 utriusqusdynastissuessroico’ceooo·

329 3401 432 3470 μένοις.

115 3471 167 3527 Die
186 3489 241 3528 von
255 3471 311 3530 Cic.
326 3473 353 3527 Il
366 3490 391 3530 ee
409 3475 468 3530 und
485 3475 608 3546 weniger
626 3493 671 3531 ru-

115 3545 296 3601 versiohtlich
307 3546 384 3601 Brut.
394 3561 420 3603 su
429 3547 489 3601 ihm
498 3549 673 3618 augeschrie·

114 3617 206 3672 benen
224 3616 366 3673 Schriften
383 3620 445 3674 halt
458 3619 551 3685 Quint.
561 3617 600 3674 111
612 3628 636 3691 1,
647 3636 672 3676 rs

116 3689 191 3744 wohl
210 3689 263 3745 mit
281 3690 372 3744 Reoht
390 3690 436 3745 fiir
453 3691 564 3747 unecht.

150 3760 351 3830 Peripatetici
368 3762 381 3815 l
399 3778 435 3819 re.
459 3761 498 3816 III
516 3777 555 3830 οι,
574 3778 612 3829 οι,
633 3779 672 3819 roe

115 3849 145 3887 so
155 3833 281 3900 genennt
290 3833 431 3887 entweder
441 3849 495 3887 von
505 3834 582 3888 einer
588 3833 671 3891 Haila

113 3904 171 3957 und
199 3903 290 3957 einem
317 3901 472 3972 Laubgang
499 3905 670 3975 (περίπατοι)

115 3974 163 4028 des
192 3974 285 4028 athen.
310 3973 410 4043 Gymn.
431 3973 618 4043 ‘Lyceum'‚
641 3976 671 4029 in

115 4042 671 4115 demAristotelesuulehrenpflegte,

115 4115 182 4169 oder
204 4133 260 4170 von
283 4117 332 4170 der
351 4115 538 4170 Gewohnheit
560 4116 609 4170 des
628 4117 670 4185 A,

113 4185 160 4240 bei
176 4187 281 4241 seinem
296 4188 418 4256 Vortrag
431 4186 510 4241 nicht
524 4205 557 4241 eu
573 4188 670 4256 sitnon,

115 4257 235 4311 sondern
253 4257 478 4329 umhersugehen
497 4258 593 4328 (Acad.
613 4259 626 4312 l
645 4265 671 4327 4,

114 4329 159 4395 rr).
189 4327 271 4382 Seine
289 4329 550 4400 Morgenhoilegien
568 4328 671 4386 hieilen

114 4396 201 4452 daher
237 4400 390 4469 περίπατος
425 4397 558 4472 ἑωθινός,
595 4403 670 4457 seins

495 250 742 320 neminemne
760 262 913 318 morsus.

729 422 927 492 Naohmittag-
955 422 1013 476 und
1044 420 1293 492 Abendkollegien

729 514 758 550 π.
779 491 908 557 deriseris.
946 493 1033 548 Nieht
1050 509 1103 547 nur
1122 493 1293 550 Aristoteles

730 567 818 621 selbst
833 564 942 620 schrieh
956 564 1018 619 eine
1029 564 1212 632 Rhetorilr,
1227 581 1292 620 son-

730 638 799 691 dern
825 636 897 691 auch
920 635 979 690 sein
1005 635 1219 690 unmittelbarer
1242 635 1292 690 be-

729 704 1292 777 ruhmterNachfolgerTheophrastaog

728 780 801 834 nach
816 777 1103 847 denLehrvortrtgen
1118 777 1209 832 seines
1222 775 1291 832 llei-

731 854 802 906 sters
830 850 933 904 rhetor.
957 847 1154 918 Gegensttnde
1181 849 1212 903 in
1234 847 1292 903 den

730 919 849 976 Bereioh
877 921 967 975 seiner
995 918 1292 974 schriitstellerischen

729 991 901 1061 Thatigheit.
921 992 956 1045 de
975 991 1020 1045 fin.
1040 990 1065 1045 V
1085 1006 1097 1046 r
1114 991 1144 1044 in
1162 1007 1220 1059 qna
1239 991 1289 1060 (sc.

729 1062 885 1118 Academia
907 1063 1013 1131 vetere)
1036 1077 1092 1115 non
1111 1063 1138 1115 ei
1162 1060 1217 1116 soli
1239 1077 1292 1116 nu·

729 1137 881 1202 merantur,
900 1133 950 1202 qui
962 1132 1125 1186 Academici
1143 1137 1290 1202 vocantur,

731 1204 781 1260 sed
808 1207 895 1261 etiam
917 1202 1099 1273 Peripatetici
1121 1205 1232 1259 veteres
1258 1206 1290 1273 (s.

729 1276 827 1345 Acad.)
839 1293 958 1344 quorum
972 1274 1103 1345 princeps
1113 1273 1289 1330 Aristoteles.

728 1347 774 1401 Ad
793 1363 840 1402 eos
859 1347 947 1416 igitur
964 1350 1096 1400 converte
1114 1347 1158 1413 te,
1177 1360 1291 1414 quaeso.

728 1418 771 1472 Ex
785 1433 882 1473 eorum
896 1418 970 1472 enim
985 1416 1096 1486 scriptis
1106 1419 1136 1471 et
1150 1414 1289 1472 institutis

729 1507 793 1544 oum
803 1491 892 1544 omnis
907 1489 1034 1542 doctrina
1047 1485 1182 1557 liberalis,
1197 1487 1290 1543 omnis

729 1559 856 1627 historia,
876 1559 966 1613 omnis
980 1575 1070 1613 sermo
1085 1558 1200 1627 elegans
1215 1559 1288 1614 sumi

728 1633 832 1701 potest,
841 1629 1030 1685 tumuerietas
1038 1630 1167 1684 esttanta
1176 1627 1289 1695 artium,

728 1705 761 1757 ut
783 1718 866 1756 nemo
895 1700 955 1755 sine
978 1716 1011 1754 eo
1039 1699 1226 1756 instrumento
1251 1699 1290 1755 ad

729 1773 816 1827 ullam
830 1789 889 1826 rem
903 1772 1086 1826 illustriorem
1098 1773 1165 1826 satis
1175 1775 1290 1827 ornatus

728 1845 820 1914 possit
843 1844 981 1899 accedere.
1021 1843 1063 1896 Ab
1082 1842 1127 1896 his
1153 1846 1292 1910 oratores,

729 1915 766 1969 ab
789 1914 834 1970 his
856 1915 1039 1984 imperatores
1062 1929 1096 1966 ac
1119 1930 1213 1967 rerum
1236 1931 1291 1983 pu·

729 1986 867 2042 blicarum
885 1986 1025 2056 principes
1044 1984 1220 2040 exstiterunt.
1253 1985 1291 2039 Ut

730 2057 767 2112 ad
795 2058 904 2112 minora
931 2056 1054 2122 veniam,
1084 2054 1289 2125 mathematici,

729 2132 845 2198 poetae,
863 2128 975 2194 musici,
994 2127 1098 2180 medici
1114 2127 1236 2194 denique
1256 2143 1291 2181 ex

729 2200 783 2254 hae
810 2200 954 2267 tamquam
978 2215 1012 2253 ex
1034 2198 1159 2252 omnium
1184 2197 1289 2252 artium

730 2268 844 2324 officina
861 2269 980 2338 profecti
1001 2271 1073 2323 sunt.

766 2340 806 2396 n.
816 2341 971 2409 Perperna
985 2338 1011 2392 ΙΙ
1021 2355 1060 2394 rea
1069 2338 1213 2394 vielleicht
1227 2338 1288 2393 der·

730 2412 816 2480 selbe,
836 2412 885 2466 der
903 2413 956 2465 mit
971 2409 1000 2466 C.
1015 2409 1148 2465 Claudius
1166 2408 1289 2464 Pulcher

729 2483 769 2538 im
787 2484 812 2537 J.
833 2489 867 2538 92
885 2481 1005 2549 Konsul,
1028 2483 1068 2537 im
1087 2481 1111 2535 J.
1131 2486 1165 2536 86
1184 2481 1238 2536 mit
1256 2481 1286 2534 L.

729 2555 851 2610 Marcius
869 2553 1017 2623 Philippus
1036 2551 1140 2606 Censor
1158 2569 1225 2607 war.

765 2624 797 2681 C.
805 2625 932 2681 Persius
946 2624 972 2677 ΙΙ
981 2639 1007 2680 ss
1022 2625 1094 2677 nach
1105 2622 1182 2677 Brut,
1193 2638 1228 2690 eo,
1244 2640 1287 2679 wo

729 2714 758 2753 er
776 2713 832 2751 von
853 2696 963 2751 Atticus
986 2695 1027 2750 als
1051 2696 1188 2749 litteratas
1209 2695 1287 2750 homo

728 2767 958 2824 charalrterisiert
975 2765 1053 2834 wird,
1074 2763 1159 2821 Gaius
1175 2764 1286 2820 Persius

729 2841 824 2909 (quem
842 2839 983 2909 significat
1002 2838 1081 2892 ealda
1099 2838 1207 2891 ἀοοιαοι
1225 2851 1287 2892 esse

727 2910 875 2979 Lucilius),
906 2911 983 2964 einer
1015 2909 1064 2962 der
1096 2908 1287 2977 gelehrtesten

726 2981 843 3036 Minner
856 2981 936 3050 jener
950 2980 1018 3046 Zeit,
1038 2978 1088 3033 der
1105 2980 1188 3032 unter
1202 2979 1287 3033 ande-

727 3069 787 3107 rem
805 3051 878 3106 auch
895 3052 925 3105 in
944 3051 1008 3104 dem
1025 3049 1097 3103 Rufe
1116 3049 1212 3117 stand,
1232 3048 1285 3104 wie

726 3123 758 3177 L.
778 3122 873 3176 Aelius
893 3119 977 3187 Stilo,
1001 3119 1098 3174 Reden
1115 3119 1165 3191 gfur
1183 3120 1288 3176 andere

727 3190 949 3247 auszuarbeiten.
986 3190 1038 3244 Ihn
1058 3192 1203 3246 wiinsohte
1226 3191 1286 3246 sich

727 3262 851 3318 Lucilius
877 3261 976 3316 nicht
1008 3262 1050 3316 als
1077 3260 1163 3317 Leser
1194 3262 1286 3316 seiner

728 3333 877 3388 Schriften.
896 3333 1006 3388 Ebenso
1025 3332 1095 3387 wird
1108 3331 1221 3388 Persius
1240 3334 1286 3388 bei

726 3405 896 3475 Anfihrung
921 3405 1012 3459 dieser
1031 3402 1220 3458 ‘eruditorum
1242 3419 1285 3458 re·

727 3475 824 3533 iectio’
845 3477 932 3532 durch
950 3473 1075 3530 Lucilius
1099 3491 1155 3529 von
1174 3473 1230 3529 (lio.
1249 3477 1284 3529 de

726 3548 773 3603 fin.
784 3548 796 3601 Ι
807 3565 819 3605 r
835 3550 974 3604 eruthntz
992 3563 1044 3601 neo
1054 3561 1130 3614 vero,
1143 3549 1176 3601 ut
1189 3547 1285 3601 noster

726 3618 859 3688 Lucilius,
873 3619 1018 3687 recusabo,
1029 3616 1178 3689 quominus
1189 3634 1284 3673 omues

725 3707 790 3747 mea
807 3691 911 3762 legant.
931 3690 1045 3746 Utinam
1064 3691 1137 3744 esset
1156 3687 1205 3742 ille
1219 3687 1284 3742 Per·

727 3762 796 3817 sius!
817 3763 910 3832 Scipio
926 3779 991 3817 vero
1010 3763 1040 3816 et
1052 3759 1175 3815 Rutilius
1194 3760 1285 3813 multo

725 3832 813 3888 etiam
831 3833 934 3903 magis3
954 3849 1072 3902 quorum
1085 3831 1134 3885 ille
1148 3830 1284 3884 iudicium

725 3903 923 3971 reformidans,
953 3901 1112 3958 Tarentinis
1138 3902 1179 3956 ait
1202 3916 1231 3954 se
1254 3904 1284 3955 et

725 3976 902 4031 Consentinis
912 3977 942 4030 et
949 3973 1050 4028 Siculis
1058 3971 1115 4044 (die
1126 3972 1186 4027 sich
1197 3971 1287 4026 durch

725 4047 805 4101 ihren
845 4043 1072 4100 naturlichen
1113 4044 1286 4098 Mutteruitu

727 4115 920 4184 auszeiohnen)
928 4115 1056 4171 scribere.
1067 4114 1179 4169 Persius
1189 4113 1285 4169 wurde

724 4189 784 4243 also
808 4187 855 4241 bei
876 4184 1000 4240 Lucilius
1025 4186 1079 4241 mit
1105 4186 1179 4241 noch
1205 4185 1285 4240 meh-

724 4276 804 4314 reren
836 4259 942 4313 andern
974 4256 1193 4328 allaugelehrten
1224 4258 1284 4311 und

725 4332 856 4401 strengen
878 4328 1022 4384 Kritihern
1049 4344 1210 4384 zusammen
1234 4345 1284 4398 ge·

724 4407 825 4469 nanum
839 4400 972 4457 wahrend
982 4401 1021 4455 im
1030 4399 1190 4471 Gegensata
1200 4401 1283 4454 uuter
