2842 4778
518 209 770 274 sauciandos
788 215 942 272 INDICES.
1230 215 1296 280 551

68 423 71 430 .
118 377 274 446 adoptiert.
310 376 349 430 Er
367 376 681 431 usurpatoriam
736 377 831 429 schah.
859 375 932 429 Kam
947 391 976 429 es
990 373 1060 429 iiber
1074 372 1299 443 dieVerteilung

121 448 171 518 (im
185 446 332 502 siebenten
348 446 485 502 Konsulat
499 447 549 501 des
563 447 681 516 Marius)
738 447 787 500 der
805 445 958 500 Hrbschait
975 463 1038 499 zum
1056 441 1171 512 Prozeii,
1190 460 1221 497 so
1240 446 1299 498 trat

120 518 180 572 und
193 518 232 571 im
245 517 271 572 J.
286 523 319 572 82
335 535 398 571 zum
412 515 598 581 aweitenmah
614 518 682 572 aber
736 515 783 571 die
797 517 872 571 actio
886 515 1012 570 familiae
1027 514 1228 570 herciscundae
1239 513 1297 581 ein,

119 588 199 643 nicht
222 590 306 657 lange
324 587 393 643 Zeit.
438 587 517 642 Sulla
539 584 599 641 lieil
622 587 682 656 ihn,
736 603 779 642 wo
808 586 917 642 familia
940 588 1013 641 nach
1037 587 1154 640 aiteram
1179 586 1299 655 Sprach-

119 660 173 714 ehe
201 676 231 713 er
258 661 308 713 das
331 659 453 728 gehoiite
478 658 615 713 Konsulat
640 676 681 713 er·
735 657 880 728 gebrauch
902 659 933 712 in
956 659 1020 711 dem
1044 656 1114 711 Sinn
1137 674 1192 713 von
1217 657 1297 711 ‘Ver-

119 729 226 800 iangte,
241 730 328 784 durch
339 727 460 783 Catilina
471 730 521 783 aui
533 744 681 798 grausame
735 729 849 798 mogen’
933 745 978 782 res
1005 727 1155 781 familiaris
1182 743 1298 797 genom-

118 801 173 855 Art
200 801 375 870 umbringen.
400 830 432 839 -
456 799 596 855 Antonius
620 817 680 856 ver·
735 816 800 853 men
817 800 863 854 ist.

119 872 238 940 teidigte
251 871 300 925 ihu
316 871 681 940 ausFreundschaftgegen
770 868 896 924 Herillii
923 867 964 920 ΠΙ
987 883 1013 922 ea
1037 885 1067 922 so
1093 871 1217 937 genennt
1241 886 1298 924 von

118 943 217 996 seinen
229 942 315 996 Vater
324 945 352 1006 (†
363 946 414 995 103
423 958 449 996 v.
460 942 529 1008 Chi,
544 943 621 998 Brut.
633 957 680 997 saa.
734 940 871 1006 Herillos,
901 941 993 993 einem
1017 937 1130 993 Stoiirer
1155 957 1205 994 aus
1227 941 1296 994 Kar·

118 1013 156 1066 de
171 1013 216 1068 off.
230 1012 272 1066 Ill
286 1028 311 1066 01
325 1011 362 1065 Μ.
377 1011 483 1066 Marius
499 1011 679 1066 Gratidianus
734 1013 830 1080 thago,
850 1013 900 1065 der
919 1011 966 1064 ein
985 1008 1102 1063 Schiiier
1121 1011 1209 1064 Zenos
1229 1028 1295 1079 war,

119 1083 293 1152 propinquus
307 1086 402 1137 noster
416 1083 446 1139 C.
463 1081 561 1152 Sergio
576 1083 680 1136 Oratae
734 1101 781 1136 um
802 1088 894 1137 1601.
911 1078 959 1134 Ch.
980 1081 1014 1133 de
1029 1079 1075 1133 fin.
1090 1079 1116 1133 H
1130 1096 1157 1135 41
1172 1080 1295 1136 Herillus

118 1154 283 1208 vendiderat
292 1154 376 1208 aedes
387 1170 443 1220 eas,
454 1169 523 1220 quas
534 1155 570 1207 ab
581 1155 680 1208 eodem
734 1155 828 1207 autem
844 1153 879 1207 ad
893 1153 1037 1206 seieoiiom
1051 1151 1146 1206 omnia
1159 1167 1294 1206 revocans

117 1223 291 1350 libitui
305 1223 466 1350 111131
480 1222 679 1348 111111ῗὲ
733 1224 1002 1348 talitali
1016 1223 1296 1349 „liimsiiiddid

117 1365 224 1420 Marius
236 1335 293 1420 101
307 1365 426 1419 dixerat.
454 1365 586 1419 Adducta
595 1312 649 1420 resp
648 1362 680 1418 in
734 1382 789 1432 quo
813 1364 873 1418 vita
890 1336 1043 1434 gubernari
1128 1363 1158 1417 't.
1195 1335 1295 1433 Itaque

116 1436 253 1490 iudicium
269 1438 319 1491 est.
347 1436 462 1490 Oratam
473 1434 595 1504 Crassus,
611 1434 679 1488 Cra·
733 1434 780 1489 hic
803 1435 864 1503 ipse
886 1437 943 1490 iam
967 1433 1078 1504 pridem
1101 1437 1144 1489 est
1161 1434 1294 1502 reiectus,

116 1507 256 1561 tidianum
272 1505 442 1562 defendebat
454 1506 602 1562 Antonius.
632 1505 677 1560 Ius
732 1506 802 1574 post
830 1506 906 1559 euim
931 1505 1119 1575 Chrysippum
1147 1523 1203 1560 non
1228 1523 1295 1562 sane

117 1577 233 1633 Crassus
251 1578 404 1646 urguebat,
424 1578 510 1646 ‘quod
530 1577 594 1633 vitii
611 1593 678 1631 ven·
733 1580 777 1631 est
795 1575 979 1645 disputatum.
1009 1575 1131 1631 Heriilos
1150 1577 1220 1646 ging
1234 1579 1294 1632 also

118 1649 193 1704 ditor
210 1665 267 1703 101
285 1647 402 1703 dixisset
420 1651 525 1715 sciens,
549 1649 579 1702 id
598 1665 679 1716 opor·
733 1663 763 1701 so
782 1647 861 1713 weit,
885 1646 1143 1701 Wissenschait
1161 1648 1218 1701 und
1235 1649 1295 1701 Hr-

116 1722 175 1774 tere
201 1719 364 1788 praestari,
393 1720 565 1787 aequitatem
592 1720 679 1773 Anto·
732 1717 896 1772 kenntnis
928 1712 1087 1786 (φρόνησις)
1115 1717 1225 1771 aliein
1252 1719 1295 1773 als

115 1791 192 1857 nius,
219 1791 363 1857 ‘quoniam
381 1788 412 1842 id
429 1791 530 1844 vitium
548 1791 678 1860 ignotum
732 1789 870 1844 hbchsten
903 1787 1003 1842 Zweck
1036 1787 1210 1856 (gegenr’iber
1241 1789 1296 1844 den

116 1859 215 1929 Sergio
233 1877 289 1914 101
307 1859 419 1926 fuisset,
444 1861 493 1929 qui
509 1861 575 1914 illas
595 1862 679 1915 aedes
732 1860 987 1929 untergeordneten
1012 1857 1162 1927 Zwecken,
1193 1855 1294 1915 inoce-

116 1931 303 1998 vendidisset,
339 1930 413 1984 nihii
445 1931 533 1984 fuisse
564 1947 679 1985 necesse
732 1933 818 2000 lidae)
839 1929 1032 1985 aufzusteilen.

116 2001 187 2066 dici,
210 2017 262 2054 nec
281 2017 345 2054 eum
365 2016 425 2054 esse
444 2002 606 2069 deceptum,
630 2000 679 2069 qui
768 2002 975 2058 Hermodorus
987 2001 1295 2057 IeawohlderSchiffs·

116 2071 146 2124 id
165 2072 240 2138 quod
259 2073 373 2139 emerat,
392 2086 447 2139 quo
467 2072 526 2126 iure
541 2074 616 2126 esset
630 2074 675 2139 (-
729 2074 903 2128 baumeister
927 2090 978 2127 aus
998 2071 1131 2141 Salamis,
1156 2090 1212 2129 von
1231 2073 1295 2128 dem

116 2141 144 2195 d.
158 2143 187 2195 11.
206 2141 311 2196 welche
324 2141 540 2212 Verpflichtung
554 2142 611 2196 und
625 2142 676 2195 Be·
730 2145 802 2199 auch
827 2144 878 2198 der
896 2143 1078 2212 Marstempel
1100 2144 1142 2198 im
1160 2143 1295 2199 Flamini·

115 2212 674 2284 rechtigungdaraufruhe·-),teneret.'
729 2215 846 2270 nischen
865 2213 959 2269 Circus
978 2214 1134 2269 herriihrte.
1277 2284 1280 2288 Ι

766 2284 939 2341 Herodotus
953 2284 979 2337 Il
993 2298 1020 2338 ss
1036 2284 1129 2352 ‘pater
1147 2285 1292 2341 historiae’

375 2334 417 2392 Η·
732 2359 778 2429 (de
802 2358 837 2412 'ie
860 2397 865 2409 .
892 2355 906 2408 Ι
932 2358 955 2425 a)
990 2354 1066 2409 blieb
1100 2355 1164 2409 dem
1196 2357 1295 2412 411614-

152 2430 306 2485 Hannibal
319 2430 332 2483 I
346 2445 393 2483 aro.
413 2429 441 2483 ΙΙ
455 2447 489 2487 ia.
510 2430 589 2485 Corn.
605 2431 676 2499 Nep.
730 2429 826 2484 lichen
838 2375 942 2481 gLaberi
964 2425 1038 2494 fem,
1063 2427 1137 2481 deun
1161 2427 1248 2482 sehon
1265 2429 1296 2482 in

118 2500 209 2554 Hanu.
238 2517 261 2553 e.
286 2505 301 2553 ‘1
325 2499 420 2553 Marco
448 2501 565 2555 Claudio
593 2501 679 2554 Lucio
732 2500 829 2553 friiher
847 2497 909 2552 Zeit
931 2499 1004 2553 nach
1022 2497 1113 2552 seiner
1130 2485 1294 2554 Cbersiede·

118 2569 204 2623 Furio
223 2568 385 2622 consulibus
405 2569 455 2637 (im
469 2569 495 2624 J.
512 2572 574 2638 195)
589 2571 680 2625 Roma
732 2571 802 2639 lung
829 2585 886 2624 von
913 2569 1004 2624 seiner
1028 2569 1193 2625 Vaterstadt
1215 2570 1294 2625 Hali-

120 2639 209 2709 legati
222 2638 428 2706 Karthaginem
447 2646 592 2694 venerunt.
620 2640 679 2694 Hos
732 2637 843 2695 karnail
866 2641 940 2695 nach
959 2641 1057 2696 Samos
1075 2643 1246 2697 unternahm
1265 2659 1295 2697 er

116 2709 260 2764 Hannibal
269 2712 348 2762 ratus
358 2709 402 2762 sui
411 2711 579 2778 exposcendi
587 2711 680 2778 gratia
733 2728 789 2766 von
821 2711 858 2764 da
889 2728 939 2765 aus
967 2713 1013 2765 die
1040 2714 1295 2782 ausgedehntesten

117 2782 227 2846 missos,
241 2779 406 2848 priusquam
421 2779 465 2833 his
476 2784 589 2834 senatus
600 2782 679 2835 dare·
733 2781 823 2836 Land-
837 2781 895 2835 und
907 2783 1059 2848 Seereisen,
1074 2801 1121 2836 um
1131 2785 1206 2838 daun
1217 2782 1295 2839 diese

118 2856 173 2920 tur,
191 2867 293 2906 navem
313 2851 440 2905 ascendit
459 2852 532 2905 ciam
551 2855 636 2919 atque
650 2852 679 2906 in
732 2852 846 2907 reichen
882 2850 1077 2921 Erfahrungeu
1118 2854 1147 2907 in
1189 2853 1295 2908 seinem

117 2924 228 2992 Syriam
247 2923 283 2976 ad
302 2921 476 2975 Antiochum
495 2923 628 2992 profugit.
644 2953 678 2962 -
732 2919 842 2993 grossen
874 2921 1114 2977 Geschichtswerk
1150 2922 1295 2979 116161111-

117 3012 144 3063 p.
160 2995 231 3048 Sest.
246 3008 294 3048 rra.
323 2991 390 3058 Quis
402 2993 680 3062 Karthaginiensium
733 2995 824 3062 legen.
861 2993 943 3046 Auch
969 2994 1064 3061 spiter
1086 3011 1145 3048 war
1163 3011 1193 3048 er
1210 2996 1296 3050 meist

118 3064 207 3133 pluris
225 3063 281 3119 fuit
298 3063 457 3119 Hannibale
477 3063 606 3134 consilio,
625 3064 679 3119 vir-
733 3062 784 3118 auf
805 3064 908 3118 Reissn
930 3064 987 3117 und
1010 3063 1097 3118 nahm
1119 3081 1176 3120 von
1200 3065 1295 3121 Athen

116 3136 186 3202 tute,
200 3136 283 3189 rebus
296 3135 393 3204 gestis,
408 3135 457 3204 qui
471 3152 543 3190 unus
558 3153 621 3189 cum
635 3138 680 3190 tot
734 3151 784 3189 aus
803 3135 841 3188 im
861 3134 887 3189 J.
901 3138 956 3188 444
975 3151 1012 3188 an
1025 3135 1075 3188 der
1089 3135 1208 3190 Kolonis
1222 3139 1295 3193 nach

117 3204 334 3274 imperatoribus
354 3205 457 3260 nostris
471 3223 522 3276 per
536 3209 579 3261 tot
592 3222 679 3261 annos
734 3205 833 3260 Thurii
853 3204 913 3261 teil.
951 3206 989 3260 Er
1013 3205 1125 3260 schrieb
1145 3224 1182 3260 an
1202 3207 1294 3263 seiner

116 3278 151 3331 de
168 3277 282 3345 imperio
301 3277 330 3329 et
348 3276 382 3330 de
401 3278 494 3346 gioria
507 3277 679 3332 decertavit?
734 3277 904 3332 Geschichte
930 3278 975 3331 bis
1002 3292 1094 3346 gegen
1116 3282 1169 3331 425
1192 3295 1219 3333 v.
1243 3280 1293 3335 Ch.

117 3348 197 3400 Hunc
215 3344 259 3400 sui
275 3346 349 3400 cives
364 3362 379 3400 e
394 3348 510 3403 civitate
525 3347 679 3414 eiecerunt3
735 3349 780 3403 Or.
805 3363 831 3402 oo
854 3363 910 3416 quo
933 3348 1024 3418 magis
1047 3351 1113 3402 sunt
1136 3349 1294 3405 Herodotus

118 3434 170 3472 nos
190 3417 276 3471 etiam
290 3416 400 3471 hostem
415 3417 519 3472 litteris
533 3419 636 3473 nostris
651 3419 680 3471 et
734 3417 968 3486 Thucydidesque
992 3419 1135 3474 mirabiles
1155 3442 1202 3487 -3
1222 3422 1295 3475 alter
1353 3444 1359 3456 ·

116 3489 254 3543 memoria
271 3488 399 3542 videmus
417 3489 598 3543 celebratum.
734 3490 809 3544 enim
819 3490 879 3543 sine
889 3491 954 3544 uilis
964 3489 1081 3544 salebris
1091 3491 1173 3560 quasi
1181 3492 1294 3547 sedatus

152 3559 330 3614 Hellanicus
357 3557 384 3610 Ii
406 3571 432 3612 ae
460 3574 516 3612 von
542 3557 679 3626 Mytilene
734 3560 824 3614 amnis
847 3559 921 3627 fluit,
946 3561 1018 3616 alter
1036 3561 1180 3616 incitatior
1198 3563 1294 3618 fertur.

117 3628 170 3682 anf
194 3627 299 3683 Lesbos
327 3627 465 3681 nwischen
493 3633 546 3682 494
575 3647 601 3682 1.
626 3635 678 3685 406
733 3629 826 3694 Quint.
854 3629 881 3682 X
905 3637 932 3698 1,
957 3646 982 3685 11
1010 3631 1100 3685 dulcis
1124 3633 1294 3704 (μελίγηρυς)

118 3717 144 3753 v.
156 3698 205 3753 Ch.
226 3696 296 3752 Geli.
306 3697 354 3752 XV
367 3703 410 3752 23.
436 3697 474 3751 Er
488 3697 596 3753 schrieb
607 3703 679 3768 Περ·
734 3702 763 3754 64
781 3701 915 3754 candidus
935 3703 965 3755 et
981 3703 1060 3756 fusus
1077 3701 1112 3757 H.
1126 3703 1165 3758 IX
1179 3709 1205 3769 4,
1224 3720 1250 3760 rs
1264 3705 1295 3760 in

118 3765 679 3826 cradfriiheraisHerodotubearbeitete
732 3769 877 3826 Herodoto
902 3788 966 3827 vero
989 3789 1053 3827 cum
1076 3776 1170 3829 omnia
1192 3774 1294 3830 leniter

118 3838 391 3907 Lokoigeschichten
409 3839 465 3908 (die
482 3835 589 3907 Ἀτθίς).
732 3842 835 3908 fluunt,
862 3842 923 3895 tum
951 3843 1015 3912 ipsa
1038 3843 1184 3907 διάλεκτος
1207 3845 1295 3901 habet

155 3908 281 3965 Helvius
300 3908 418 3964 liianciu
439 3928 460 3964 s.
480 3911 599 3965 Mancia.
733 3929 796 3967 eam
804 3913 1018 3983 iucunditatem,
1033 3918 1065 3970 ut
1076 3916 1197 3971 latentes
1207 3917 1293 3978 etiam

156 3980 548 4036 berctumcierelaeiist=
559 3982 680 4037 divisum
732 4000 864 4039 numeros
884 3988 1030 4053 complexa
1048 3987 1185 4044 videatur.

122 4051 283 4123 (Supinum)
293 4069 445 4120 provocare
456 4071 503 4106 zur
510 4051 680 4123 Hrbteilung
768 4055 927 4111 Hierocles
945 4056 972 4110 II
989 4072 1025 4112 eo.
1044 4059 1121 4112 Brut.
1135 4072 1175 4112 eat
1194 4060 1292 4128 (genus

117 4122 288 4190 auiiordern,
306 4123 431 4178 1141111011
445 4123 499 4178 den
513 4124 602 4179 durch
617 4125 679 4180 eine
732 4126 874 4180 Asiaticae
889 4127 1031 4196 dictionis)
1046 4128 1249 4184 sententiosum
1264 4136 1294 4185 et

116 4193 268 4249 fbrmliche
287 4194 358 4263 legis
377 4196 452 4249 actio
470 4195 622 4250 bestoliten
635 4213 679 4250 ar·
734 4201 874 4265 argutum,
893 4199 1040 4254 sententiis
1054 4217 1112 4254 101
1125 4204 1184 4253 tam
1198 4202 1292 4270 gravi-

118 4263 679 4334 biteroderErbschafts·Schiedsrichter,
733 4266 786 4321 bus
810 4271 839 4323 et
861 4269 966 4323 severis
989 4287 1073 4338 quam
1096 4271 1239 4326 concinnis
1264 4275 1293 4327 et

119 4349 178 4388 was
201 4335 307 4389 mitteis
330 4334 460 4391 solenner
477 4335 609 4393 Formeln
632 4355 679 4407 ge·
733 4339 870 4407 venustis,
907 4339 999 4408 qualis
1027 4371 1061 4381 -
1084 4343 1182 4411 11110141
1213 4345 1292 4398 nobis
