2842 4778
149 228 217 294 462
489 227 538 282 Da
558 226 732 284 ORATORE
750 227 789 282 Ill
807 233 850 296 85,
864 243 912 283 reo.
928 243 976 283 ιιι.

149 391 234 456 idern
261 390 316 455 ille
342 411 410 455 non
436 389 568 474 linguae
596 389 717 472 solum,
745 411 857 454 verum
881 389 980 454 etiam
1003 388 1102 454 animi
1131 410 1169 454 ac
1190 387 1324 454 virtutis

149 479 308 562 magister
335 477 376 543 ad
403 477 607 542 liberandam
634 478 776 562 patriam
803 478 947 562 impulit,
979 477 1147 562 instruxit,
1175 477 1325 543 armavit

150 567 275 630 Aliisne
302 565 404 651 igitur
426 566 552 631 artibus
579 566 665 630 hunc
688 565 828 630 Dionem
855 567 1000 631 instituit
1022 566 1131 649 Plato,
1159 565 1233 630 aliis
1255 565 1365 630 Iso-a.

150 658 255 719 crates
278 655 495 720 clarissimum
517 655 623 719 virum
642 653 858 737 Timotheum,
882 653 1023 719 Cononis
1047 654 1325 738 praestantissimi

149 743 355 826 imperatoris
377 743 495 827 filium,
523 764 683 807 summurn
705 743 812 827 ipsum
836 744 1066 827 imperatorem
1094 743 1325 827 hominemque

150 830 397 896 doctissimum?
420 837 478 896 aut
500 831 574 896 aliis
592 830 820 915 Pythagoreus
840 832 895 895 ille
913 831 1008 916 Lysis
1027 830 1225 916 Thebanum,
1237 831 1326 916 Epa·

149 919 346 1004 minondam,
363 919 451 985 haud
465 920 531 985 scio
551 942 592 984 an
612 942 775 985 summum
788 920 894 984 virum
908 943 1009 985 unum
1024 921 1130 985 omnis
1146 917 1325 984 Graeciae?

149 1012 207 1073 aut
220 1007 403 1094 Xenophon
414 1008 626 1094 Agesilaum?
641 1012 698 1072 aut
711 1007 879 1073 Philolaus
891 1009 1072 1093 Archytam
1087 1007 1326 1073 Tarentinum?

150 1101 208 1161 aut
236 1099 307 1182 ipse
335 1097 540 1182 Pythagoras
570 1100 675 1161 totam
706 1097 796 1161 illam
825 1101 968 1162 veterem
1000 1097 1115 1161 Italiae
1147 1096 1327 1182 Graeciam,

40 1195 80 1250 35
97 1205 148 1256 140
159 1207 241 1270 quae
270 1186 434 1270 quondam
462 1206 583 1270 magna
606 1187 747 1250 vocitata
775 1185 846 1250 est?
892 1185 1052 1270 Equidem
1079 1206 1146 1249 non
1174 1185 1325 1251 arbitror.

150 1271 203 1338 Sic
231 1275 317 1338 euim
340 1273 447 1357 video,
474 1297 573 1339 unam
597 1274 758 1357 quandam
786 1276 932 1340 omnium
954 1297 1076 1351 rerum,
1105 1295 1188 1358 quae
1217 1277 1327 1338 essent

147 1361 282 1426 homine
307 1362 431 1428 erudito
460 1362 575 1448 dignae
599 1366 698 1446 atque
722 1384 774 1446 eo,
802 1363 857 1447 qui
880 1363 915 1427 in
938 1385 972 1428 re
994 1362 1127 1447 publica
1148 1362 1249 1427 vellet
1271 1383 1325 1426 ex·

148 1449 278 1534 cellere,
300 1451 401 1515 fuisse
425 1450 621 1534 doctrinam,
650 1474 747 1535 quam
771 1453 826 1536 qui
854 1453 1067 1535 accepissent,
1096 1452 1124 1515 si
1148 1450 1253 1516 eidem
1276 1450 1325 1515 in·

148 1537 244 1623 genio
268 1538 310 1603 ad
332 1540 610 1622 pronuntiandum
629 1541 809 1605 valuissent
832 1544 864 1604 et
888 1562 922 1604 se
942 1541 983 1604 ad
1007 1526 1177 1605 dicendum
1196 1560 1325 1624 quoque

96 1647 146 1696 141
157 1648 224 1691 non
239 1632 442 1711 repugnante
457 1631 574 1692 natura
590 1628 763 1712 dedissent,
777 1629 960 1712 eloquentia
974 1629 1185 1712 praestitisse.
1207 1627 1325 1712 Itaque

148 1715 219 1800 ipse
242 1714 437 1780 Aristoteles
461 1739 533 1782 curn
556 1717 670 1781 florere
693 1717 872 1782 Isocratem
895 1718 1066 1782 nobilitate
1089 1716 1325 1800 discipulorum
1339 1740 1364 1781 1⁶

148 1804 285 1888 videret,
313 1803 398 1888 quod
422 1806 449 1869 is
476 1827 551 1869 suas
582 1805 818 1889 disputationes
843 1829 862 1870 a
884 1806 990 1871 causis
1017 1805 1201 1870 forensibus
1224 1808 1258 1869 et
1280 1805 1323 1869 ci·
1339 1830 1363 1869 n

149 1893 268 1957 vilibus
297 1892 338 1956 ad
360 1893 490 1957 inanem
514 1894 670 1957 sermonis
699 1894 895 1979 elegantiam
917 1895 1154 1977 transtulisset,
1183 1893 1325 1958 mutavit

147 1985 280 2064 repente
303 1981 566 2046 totam-formam
584 2003 685 2065 prope
710 1981 896 2066 disciplinae
921 2005 997 2048 suae
1015 2003 1207 2066 versumque
1226 2002 1325 2065 quen·

148 2067 223 2132 dam
241 2067 444 2134 Philoctetae
464 2071 574 2152 paullo
595 2091 686 2134 secus
706 2071 796 2135 dixit.
832 2071 891 2135 Ille
911 2073 997 2136 enirn
1011 2071 1140 2154 ‘turpe
1164 2070 1240 2134 sibi
1263 2071 1322 2134 ait
1335 2095 1361 2135 so

147 2177 231 2220 esse
254 2161 399 2242 tacere,
428 2180 511 2222 cum
535 2158 750 2242 barbaros',
777 2160 830 2224 hic
854 2164 963 2225 sutem
987 2159 1085 2225 ‘cum
1108 2158 1323 2223 Isocratem

146 2248 352 2328 pateretur
380 2245 533 2311 diecre'.
578 2246 693 2330 Itaque
722 2248 851 2312 ornavit
874 2253 906 2312 et
932 2249 1113 2313 illustravit
1139 2247 1324 2312 doctrinam
1337 2273 1363 2312 rs

146 2333 238 2399 illam
254 2357 382 2399 omnem
396 2355 568 2419 rerumque
587 2335 807 2420 coguitionem
822 2358 895 2400 cum
912 2337 1070 2401 orationis
1089 2336 1323 2400 exercitatione
1336 2362 1363 2402 ss

146 2424 324 2488 coniunxit.
369 2422 481 2508 Neque
505 2445 581 2488 vero
609 2424 671 2489 hoc
694 2424 779 2510 fugit
806 2426 1083 2509 sapientissimum
1111 2446 1221 2509 regem
1244 2424 1323 2488 Phi-

145 2511 286 2595 lippum,
320 2513 373 2596 qui
403 2512 488 2577 huno
517 2513 703 2578 Alexandro
732 2514 801 2578 filio
834 2514 999 2578 doctorem
1033 2513 1178 2597 aocierit,
1209 2534 1229 2576 a
1257 2534 1325 2597 quq

181 2689 207 2738 8.
225 2685 337 2740 Aliisne
350 2688 412 2754 etc,
427 2685 477 2739 der
491 2686 648 2756 Philosoph
662 2704 706 2742 so·
761 2687 808 2742 die
817 2689 866 2744 Hs.
881 2688 995 2758 haben),
1010 2688 1084 2742 deun
1098 2686 1148 2742 das
1162 2686 1257 2740 warde
1272 2685 1326 2740 auf

145 2755 221 2810 wohl
238 2754 292 2810 wie
311 2757 360 2810 der
378 2757 486 2811 Rhetor
504 2773 598 2811 waren
624 2757 706 2813 beide
760 2759 928 2814 Aristoteles
956 2758 1059 2828 gehen,
1087 2757 1220 2813 wthrend
1247 2758 1322 2813 doch

144 2826 275 2895 augleich
292 2825 397 2881 Lehrer
415 2829 464 2882 der
482 2828 706 2884 bedentendsten
759 2848 812 2884 nur
836 2830 978 2885 Isokrates
1001 2829 1128 2898 gemeint
1151 2828 1211 2884 sein
1234 2828 1321 2884 kann.

145 2894 371 2963 scrutaminum,
396 2898 430 2953 de
454 2898 591 2955 aliine
620 2901 705 2968 atque
760 2901 787 2955 S.
807 2903 833 2956 d.
853 2901 919 2955 krit.
938 2900 1068 2969 Anhang.

145 2965 203 3035 iffi,
228 2985 346 3036 quorum
365 2969 462 3023 Sindi&
480 2971 594 3037 viiaqlffl
613 2971 705 3024 ⁰1¹11li⁵
795 2987 838 3036 20.
867 2981 1041 3036 Philoctetae.
1083 2979 1140 3034 Der
1163 2979 1233 3033 Vers
1260 2995 1322 3033 war

144 3037 174 3091 in
202 3054 296 3092 rerum
323 3039 484 3108 cognitione
513 3043 627 3095 versata
653 3042 704 3108 est,
759 3049 992 3107 wahrscheinlich
1011 3067 1060 3104 aus
1078 3049 1235 3120 Euripide&
1254 3049 1324 3104 Phi.

143 3109 240 3163 tamen
257 3110 294 3164 ab
312 3109 449 3178 augendis
464 3111 609 3165 hominum
628 3110 705 3165 utili·
758 3122 851 3176 loktot
869 3121 925 3174 und
943 3121 1064 3175 laurete:

142 3179 251 3234 tatibus
277 3182 308 3234 et
326 3179 482 3236 commodis
504 3197 562 3235 non
585 3196 704 3236 recesse·
800 3214 808 3234 2
844 3217 850 3235 .
967 3215 972 3234 .
1137 3215 1143 3235 ,
1178 3213 1184 3234 ι
1254 3212 1261 3231 ,

142 3252 220 3316 runt;
245 3267 310 3304 nam
334 3253 364 3306 et
388 3251 568 3306 erudiverunt
590 3251 704 3322 multos,
794 3236 868 3288 περ
887 3236 918 3287 ⁷⁸
938 3237 1035 3287 mm
1056 3220 1321 3302 '⁶“”³⁰9.En²²⁹⁰'⁹

142 3321 418 3388 quomeliorescives
426 3321 611 3391 utilioresque
620 3323 704 3377 rebus
882 3375 890 3396 „
1001 3381 1013 3395 η
1057 3306 1176 3392 στραῖου
1247 3371 1255 3394 ,
1286 3377 1300 3390 „

143 3391 201 3443 suis
220 3392 341 3459 publicis
360 3394 467 3460 essent,
486 3397 519 3447 uc
538 3393 704 3448 Thebanum
794 3375 1245 3467 elereovvtwwndseisevvsd
1266 3371 1321 3432 lav

143 3461 368 3530 Epaminondam
392 3461 474 3533 Lysis
501 3463 703 3532 Pythagoreus,
1069 3453 1176 3517 λεγειν,

143 3531 320 3656 ὃῖὦῧθθθῑῑῑω
334 3533 455 3589 Dl⁰¹10m
469 3533 553 3590 Pl⁸¹l⁰
566 3535 705 3605 multique
759 3546 849 3602 woidr
868 3547 1036 3602 Aristoteles
1056 3545 1263 3602 substituierte:

141 3619 170 3655 m
180 3604 401 3730 ,gia-stom„
419 3677 483 3744 em,
502 3673 561 3730 Μ
580 3676 631 3730 dor
649 3677 703 3731 Zu-
793 3641 910 3715 αἰσχρὸν
920 3647 1039 3714 σιωπᾶν,
1047 3640 1209 3734 ’qunqoirqv
1223 3639 1252 3698 d'
1264 3640 1320 3699 ἔᾶν

142 3745 215 3813 lauf,
235 3747 290 3800 den
308 3745 449 3801 Isokrates
468 3745 511 3801 als
529 3745 634 3802 Lehrer
653 3748 703 3802 der
1072 3721 1171 3786 him·

143 3814 281 3871 Rhetorik
299 3816 389 3884 hatte,
408 3817 452 3871 fur
471 3817 637 3873 Aristoteles
657 3820 701 3873 die
791 3819 833 3867 22.
859 3814 960 3882 Itaque
984 3814 1096 3868 nnavit
1118 3817 1143 3866 et
1164 3813 1319 3871 illustravit

142 3886 355 3956 Vernulassung
364 3904 502 3956 genesen,
514 3890 587 3943 auch
598 3888 701 3943 eeiner·
755 3889 780 3938 et
798 3900 859 3938 enen
877 3885 1012 3938 orationis
1034 3883 1228 3938 sancitatione
1251 3899 1316 3938 con·

143 3956 212 4012 seits
236 3958 283 4012 die
301 3959 439 4014 Rhetorik
461 3959 514 4013 mit
539 3959 588 4014 der
605 3959 701 4015 Philo·
755 3955 864 4018 innecii,
889 3951 949 4008 eine
968 3951 1065 4020 Notis,
1090 3953 1135 4007 die
1155 3969 1221 4007 man
1240 3955 1318 4008 wohl

142 4028 242 4097 sophie
269 4046 303 4082 au
326 4028 493 4096 verbinden,
520 4029 590 4085 wird
616 4031 702 4086 often
757 4024 808 4078 auf
824 4025 873 4078 (1⁰1⁸
892 4024 981 4106 drittq
996 4022 1075 4078 Buch
1093 4025 1142 4077 der
1156 4023 1318 4080 Aristoteli-

143 4100 259 4154 ernahlt.
278 4099 511 4157 DieseRivalit‘et
524 4100 623 4154 beider
636 4100 704 4156 falle
757 4095 842 4148 when
865 4092 1004 4148 Rheiffllk
1025 4094 1129 4148 deuiess
1154 4095 1229 4162 dass,
1248 4097 1317 4150 wel·

142 4169 172 4222 in
191 4169 238 4224 die
257 4170 319 4225 Zeit
337 4189 393 4227 von
407 4171 583 4227 Aristoteles'
598 4175 703 4227 erstem
758 4164 823 4220 ches
850 4165 1046 4233 ursprduglich
1075 4165 1149 4219 wohl
1177 4165 1219 4219 als
1252 4167 1317 4223 eine

142 4238 291 4296 narseten
318 4242 349 4297 in
376 4242 471 4298 Athen
498 4245 652 4311 (aer-are
676 4262 702 4299 v.
756 4235 912 4291 besondere
924 4233 1036 4304 schrift,
1050 4234 1116 4302 mal
1130 4233 1238 4303 λέξεως,
1252 4238 1317 4292 her-

142 4306 225 4379 Ohr.).
653 4306 657 4316 ’
757 4304 937 4376 ausgegeben
954 4322 1020 4362 war.

178 4386 220 4435 17.
240 4384 314 4450 qnod
331 4385 357 4438 ia
374 4400 449 4452 snus,
467 4385 547 4440 nicht
564 4385 624 4457 ipse
639 4385 703 4457 (wie
793 4392 836 4442 23.
855 4402 945 4441 rernm
964 4387 1153 4456 cognitionem,
1172 4385 1197 4440 Π
1216 4402 1263 4441 rso.
