2842 4778
454 225 502 280 DE
522 223 693 280 ORATORE
712 222 752 276 111
769 228 817 291 26,
837 238 884 279 100.
908 228 956 291 26,
976 238 1022 277 101.
1261 220 1328 286 445

155 392 204 456 uti
228 394 285 455 aut
308 390 380 455 cibo
405 389 491 453 dulci
515 388 636 452 diutius
660 386 793 470 potest?
821 407 894 449 cum
917 389 1055 469 utroque
1078 385 1113 448 in
1138 404 1256 469 genere
1280 406 1329 467 ea,

125 501 236 564 aquae
254 479 371 544 leviter
391 499 521 542 sensum
540 476 707 560 voluptate
727 477 889 553 moveant,
912 473 1066 539 facillime
1085 473 1214 557 fugiant
1233 473 1328 537 satie-

152 572 264 632 tatem.
306 565 358 631 sic
383 566 535 631 omnibus
557 565 592 628 in
616 564 713 628 rebus
737 562 960 646 voluptatibus
980 563 1132 627 maximis
1151 561 1319 626 fastidium
1331 576 1382 624 100

125 656 329 720 afinitimum
357 661 425 739 est;
451 676 515 740 quo
544 653 606 717 hoo
634 652 742 716 minus
770 651 804 715 in
833 652 980 716 oratione
1009 651 1178 734 miremur,
1206 652 1241 714 in
1265 672 1329 734 qua

127 746 208 810 arel
232 766 270 808 ex
293 744 398 828 politis
422 743 474 807 uel
498 764 535 806 ex
555 741 740 806 oratoribus
760 761 932 824 possumus
951 739 1102 822 iudicare,
1126 739 1329 818 concinnam,

125 833 351 915 cdistinctam,
370 835 527 912 ornatam,
546 829 697 894 festivam
717 829 786 894 sine
800 829 1052 906 intermissione,
1071 829 1141 892 sine
1155 827 1328 910 reprehen-

154 922 260 1005 sione,
293 922 361 985 sine
394 920 563 1001 varietate,
596 918 744 1001 quamvis
777 917 873 982 claris
902 918 945 981 sit
973 916 1135 981 coloribus
1163 917 1250 1000 picta
1277 915 1328 980 vel

126 1032 140 1070 s
153 1010 262 1094 poesis
296 1010 346 1074 vel
379 1008 500 1090 oratio,
531 1028 598 1071 non
629 1027 725 1089 posse
754 1006 789 1070 in
822 1005 1034 1071 delectatione
1067 1026 1137 1069 esse
1167 1005 1327 1069 diuturna.

124 1120 137 1158 o
241 1099 349 1182 Atque
369 1119 407 1162 eo
427 1096 522 1160 citius
541 1095 576 1159 in
596 1095 736 1159 oratoris
756 1099 813 1159 aut
831 1094 866 1157 in
885 1098 1000 1179 poetae
1019 1093 1176 1158 cincinnis
1198 1113 1234 1157 ac
1254 1092 1327 1157 fuco

114 1208 141 1248 ιο
155 1187 340 1270 offenditur,
362 1185 448 1270 quod
472 1206 585 1249 sensus
609 1182 644 1247 in
666 1183 768 1247 nimia
790 1183 962 1266 voluptate
984 1186 1111 1265 natura,
1134 1203 1200 1247 non
1220 1184 1328 1245 mente

155 1276 327 1358 satiantur,
349 1276 385 1338 in
409 1273 540 1358 scriptis
560 1279 592 1336 et
610 1272 644 1335 in
664 1272 762 1336 dictis
779 1294 847 1336 non
867 1271 992 1336 aurium
1011 1270 1127 1352 solum,
1151 1269 1207 1335 sed
1227 1270 1328 1334 animi

117 1389 143 1426 m
157 1364 275 1428 iudicio
310 1365 410 1427 etiam
437 1362 543 1445 magis
571 1359 716 1424 infucata
743 1359 825 1424 vitia
847 1364 1034 1424 noscuntur.
1081 1358 1188 1435 Quare
1216 1359 1420 1423 ‘benenom

112 1476 139 1516 a
155 1456 193 1517 et
207 1449 423 1537 praeclare'
441 1450 589 1534 quamvis
603 1449 698 1514 nobis
714 1470 810 1532 saepe
825 1449 964 1531 dicatur,
984 1447 1101 1513 ‘belle
1116 1451 1153 1512 et
1166 1446 1330 1513 festive’

190 1631 215 1679 2.
229 1622 716 1694 faciantvermeiden.Verr,IH1oa
771 1621 982 1694 ἀναλαμβάνειν
1024 1621 1165 1692 (Lambinz
1212 1622 1331 1693 respira·

154 1694 372 1765 fugiendamque
415 1698 538 1750 vestram
572 1695 716 1749 satietate·
770 1695 866 1764 tione).
904 1694 1014 1747 Anders
1033 1709 1081 1747 aas.

153 1769 220 1822 tem.
642 1796 645 1801 ·
807 1771 830 1820 8.
851 1767 956 1834 pomis,
978 1764 1058 1819 nicht
1081 1781 1195 1833 poema,
1219 1764 1332 1819 weilos

189 1842 215 1891 4.
243 1839 277 1892 ia
303 1840 427 1893 oratione
454 1841 507 1893 etc.
541 1837 570 1890 in
602 1837 715 1907 sprach·
771 1837 831 1892 sich
845 1835 924 1890 nicht
936 1854 986 1890 um
1000 1836 1049 1889 das
1062 1834 1191 1889 Produkt
1204 1835 1253 1890 der
1262 1834 1332 1890 Dar-

153 1907 243 1964 licher
268 1909 463 1978 Darstellung,
487 1908 615 1979 nachher,
630 1909 718 1962 Prusa
772 1907 907 1975 stallum,
931 1907 1050 1962 sondern
1073 1925 1122 1960 um
1144 1907 1219 1961 diese
1243 1906 1333 1962 selbst

154 1978 195 2033 im
214 1977 371 2049 Gegcnsatz
390 1998 438 2033 zur
456 1979 563 2034 Poesie.
595 1977 718 2032 Ahnlich
771 1979 896 2034 handelt.
933 1978 1014 2034 Tusc.
1038 1977 1077 2031 lV
1101 1995 1126 2033 rr
1147 1979 1331 2033 Anacreontis

154 2049 209 2104 wie
223 2066 248 2105 ao
264 2052 318 2105 den
332 2051 417 2104 mutis
433 2049 540 2104 artibus
555 2049 600 2103 die
616 2050 715 2117 oratio,
770 2049 885 2119 quidem
902 2052 966 2104 tota
984 2048 1078 2118 poesis
1097 2050 1142 2104 est
1160 2049 1305 2104 amatoria.

155 2120 202 2175 die
222 2121 354 2190 Sprache,
373 2123 430 2175 und
451 2139 524 2175 awar
543 2120 651 2175 sowohl
670 2119 715 2174 die
806 2128 831 2175 9.
850 2121 933 2175 citius
950 2120 964 2173 I
983 2135 1030 2176 1⁷4.

155 2192 299 2260 poetische
315 2193 357 2246 als
371 2192 599 2262 dioprosaischc,
614 2209 715 2261 gagen·
806 2193 953 2258 ancianis,
968 2193 1037 2246 lass.
1062 2191 1330 2261 EinhtufigerVor-

155 2263 342 2333 fibergestellt
357 2263 439 2319 wind:
455 2267 540 2332 atque
555 2263 585 2316 id
595 2263 716 2332 primum
771 2261 873 2332 gleich.
911 2263 992 2315 Dion.
1012 2262 1075 2316 Hal.
1095 2262 1129 2315 dc
1150 2278 1240 2331 comp.
1255 2262 1331 2317 verb.

155 2332 185 2386 in
214 2337 306 2403 poetis
335 2337 411 2390 cerni
438 2335 518 2401 licet,
547 2334 647 2403 quibus
673 2335 717 2388 cst
771 2352 794 2389 c.
815 2331 882 2388 2ῠὸ
906 2331 937 2386 δὲ
952 2329 1073 2386 Πλάτων
1087 2329 1151 2393 τοὺς
1166 2328 1271 2386 ἑαυτοῦ
1286 2330 1332 2386 λό-

155 2405 284 2473 proxima
308 2405 438 2474 cognatio
463 2423 526 2460 cum
550 2404 716 2472 oratoribus,
771 2425 838 2473 γους
857 2404 991 2468 κτενίζων
1010 2401 1060 2456 καὶ
1079 2404 1267 2490 βοστρυχίζων
1282 2402 1333 2456 καὶ

155 2474 231 2528 dann
251 2476 355 2530 ebenso
370 2492 396 2530 as
414 2477 444 2529 in
458 2476 617 2530 oratoribus
631 2475 656 2544 (I
670 2478 713 2542 so).
768 2469 1331 2541 πάντατρόπονᾶναπλέκωνονδιέλιπεν.

154 2544 220 2598 Wie
240 2545 285 2599 die
303 2533 498 2615 llberladung,
517 2547 566 2600 der
583 2533 715 2599 llberreiz
769 2546 835 2599 Tac.
860 2544 926 2598 dial.
952 2544 986 2598 de
1006 2561 1045 2600 or.
1066 2551 1100 2598 26
1119 2545 1217 2598 malim
1235 2545 1330 2599 hercle

156 2615 279 2668 aufdem
288 2616 715 2685 physischenGebicteschadet,
770 2616 797 2670 C.
819 2614 937 2669 Gracchi
959 2615 1096 2683 impetum
1120 2617 1170 2669 aut
1188 2617 1218 2670 L.
1238 2614 1332 2670 Crassi

155 2703 188 2740 so
202 2686 276 2740 noch
290 2685 346 2739 viel
355 2688 436 2739 mehr
446 2686 496 2740 auf
503 2687 567 2739 dem
576 2685 716 2754 geistigen
769 2685 963 2741 maturitatem
978 2703 1062 2753 quam
1076 2688 1247 2742 calamistros
1257 2686 1334 2742 Mae-

156 2757 207 2811 der
217 2755 348 2825 Sprache,
360 2758 440 2811 scies
450 2755 717 2811 derdiohterischen
771 2754 886 2812 conatis.

156 2829 224 2882 oder
247 2828 297 2881 der
319 2828 528 2895 rednerischen,
551 2828 581 2880 in
605 2826 717 2895 scriptis
809 2828 888 2894 saco,
916 2841 954 2881 isa
982 2826 1138 2881 venustatis
1168 2826 1246 2881 color
1275 2843 1332 2880 non

157 2899 237 2952 etin
261 2899 358 2967 dictis,
382 2898 459 2954 wie’s
481 2899 535 2952 mit
557 2897 718 2968 Beziehung
770 2899 835 2953 fuco
858 2896 959 2967 illitus,
984 2898 1033 2952 sed
1052 2898 1187 2968 sanguine
1205 2897 1333 2967 diffusus,

156 2969 208 3024 auf
223 2985 257 3023 ex
275 2970 368 3040 poetis
384 2970 430 3026 vel
444 2989 478 3026 ex
492 2972 562 3025 orat.
578 2984 624 3022 um
638 2968 717 3022 Eudo
772 2971 828 3040 vgl.
849 2984 895 3026 138.

156 3038 245 3096 heillt.
281 3042 331 3097 Als
346 3042 500 3112 Hauptsatz
519 3060 552 3094 zu
571 3041 634 3094 dem
649 3039 716 3094 fina·
809 3045 850 3096 10.
873 3047 993 3108 actara,
1016 3040 1076 3096 also
1099 3040 1161 3095 hier
1179 3039 1264 3094 wirkt
1283 3058 1336 3094 nur

156 3111 204 3165 len
226 3130 279 3182 qao
301 3115 351 3169 hoc
368 3117 460 3168 micas
478 3144 512 3154 -
531 3114 662 3167 miremur
679 3112 718 3165 ist
771 3111 822 3166 der
844 3111 906 3167 eine
925 3111 1045 3180 Fnlrtor,
1068 3111 1116 3167 bei
1140 3111 1334 3167 schriftstelle-

157 3199 191 3235 zu
216 3190 364 3252 erganzen:
388 3184 434 3239 ich
454 3185 569 3254 spreche
589 3181 647 3237 dies
667 3199 717 3236 aus
771 3184 883 3238 rischen
897 3183 1336 3239 undrednerischenProduktcn

158 3284 201 3307 -.
225 3252 289 3323 Vgl.
305 3273 338 3308 zu
352 3256 365 3308 Ι
379 3271 391 3309 s
406 3272 440 3309 ac
454 3271 489 3309 ne
504 3255 566 3324 quis
581 3286 624 3309 -.
649 3253 675 3307 S.
691 3253 717 3306 d.
772 3255 902 3324 dagegcn
921 3253 990 3310 awei
1007 3255 1155 3323 Factoren,
1174 3254 1220 3310 ein
1239 3255 1335 3325 physi-

157 3322 223 3377 krit.
243 3326 315 3380 Anh.
773 3328 854 3381 sohar
877 3325 935 3380 und
958 3325 1005 3381 ein
1028 3326 1175 3396 geistiger,
1203 3327 1261 3381 und
1287 3327 1336 3380 der

193 3400 218 3449 6.
242 3398 418 3464 coccineam,
441 3396 472 3450 in
494 3393 719 3467 gleichmussiger
773 3398 881 3464 aweite,
901 3398 951 3451 das
970 3395 1090 3468 geistige
1106 3397 1276 3466 Sensorium,
1296 3398 1335 3451 ist

159 3464 340 3537 Gliedomng.
772 3469 846 3522 noch
874 3468 1100 3536 smpfindlichcr,
1129 3467 1171 3523 als
1195 3470 1244 3522 der
1266 3470 1335 3538 phy-

195 3542 220 3590 6.
235 3538 403 3606 distinctam,
420 3538 474 3592 mit
487 3539 601 3606 (lauter)
616 3536 717 3591 Glana-
773 3538 871 3593 sische.

158 3607 294 3676 punkten.
810 3615 852 3663 12.
862 3610 1002 3676 infucata,
1017 3608 1205 3676 goschminlrt
1219 3626 1272 3662 nur
1281 3609 1335 3663 mit

194 3678 717 3749 ornatam,(ubera11)inaenschonsten
774 3681 864 3736 einem
883 3678 990 3735 {tullern
1009 3678 1101 3733 Firnis
1119 3678 1285 3747 tibercogen.

157 3748 291 3806 Phrasen.
810 3751 997 3818 Erltuterung
1006 3749 1056 3803 der
1067 3746 1228 3817 Pordemng
1237 3748 1336 3804 weiser

193 3821 333 3889 festivam,
366 3820 579 3889 (fortwahrend)
608 3821 719 3874 reizend
774 3820 965 3892 Sparsamkeit
991 3821 1031 3874 im
1058 3818 1206 3874 (lebrauch
1233 3823 1335 3874 orator.

159 3891 256 3945 sehon.
774 3891 869 3948 Mittel
879 3891 966 3945 durch
976 3890 1116 3962 Beispiele
1127 3894 1172 3958 (—
1183 3892 1243 3959 ms),
1254 3888 1298 3946 Or.
1309 3905 1336 3945 so

193 3963 253 4016 siae
274 3965 474 4020 intermissione
497 3965 564 4030 ete,
589 3963 636 4016 die
660 3961 721 4016 drei
774 3962 948 4020 verecundus
964 3960 1334 4030 eritasusoratoriaequasi

158 4032 323 4089 Ausdrocke
342 4033 401 4090 sine
419 4034 643 4103 intermissione,
662 4035 720 4088 sine
774 4034 966 4106 supellectilis.

158 4103 388 4188 reprehensione,
412 4105 472 4160 sine
496 4106 633 4160 varietate
658 4103 722 4158 sind
798 4113 854 4189 ⁶13.
865 4107 989 4186 quamvis
1001 4106 1081 4160 cobis
1093 4121 1173 4186 saepe
1182 4105 1336 4159 dicatar=

159 4174 722 4331 lltsdfalflorltflufflffslfhff
775 4177 1141 4330 frustratas
1154 4191 1337 4316 :sitast

160 4317 722 4457 Αέἔῖἔὴέἕῗγὶἶῖῒῑῗιῖἱ.’8.ῑῖΐὲὴὲἓὲ
777 4316 1339 4460 tlattslhllalaltft·lud

214 4484 262 4527 010.
277 4497 309 4526 nn
324 4497 396 4528 orsu.
1090 4483 1124 4533 30
