2842 4778
151 236 217 303 408
501 236 549 290 DE
569 234 740 292 ORATORE
757 235 798 290 III
815 241 889 305 4,1e.
909 240 934 304 5,
948 251 982 291 rr.

150 401 296 465 Platonis
330 399 522 465 mirabiliter
555 399 692 483 scriptos
725 398 819 484 legit,
855 399 888 463 in
921 400 1036 482 quibus
1069 401 1219 464 omnibus
1251 400 1344 465 ferei

152 488 300 554 Socrates
320 489 519 572 exprimitur,
537 510 613 567 non,
633 510 828 572 quamquam
848 488 906 552 illa
925 489 1045 572 scripta
1064 492 1138 553 sunt
1157 488 1345 574 divinitus,s

151 582 261 643 tamen
283 578 387 642 maius
410 577 560 661 quiddam
580 578 619 642 de
642 578 706 661 illo,
731 577 770 640 de
794 598 857 660 quo
882 577 1003 660 scripta
1022 581 1105 660 sunt,
1128 578 1319 661 suspicatur.

151 665 243 742 Quod
266 667 344 731 item
367 687 426 730 nos
450 666 652 749 postulamus
674 687 741 730 non
764 688 783 730 a
805 665 995 749 tequidem,
1018 665 1073 750 qui
1096 666 1191 730 nobis
1211 669 1347 732 omniar

152 777 277 820 summa
294 755 423 842 tribuis,
442 755 497 818 sed
516 777 536 819 a
555 755 678 837 ceteris,
697 756 752 839 qui
769 755 850 819 haec
868 754 903 817 in
921 776 1037 818 manus
1057 759 1192 840 sument,
1215 757 1348 821 maiust

150 849 188 909 ut
211 844 362 928 quiddam
386 845 424 908 de
447 843 483 908 L.
506 841 631 927 Crasso,
655 865 752 927 quam
776 848 931 927 quantum
955 865 974 906 a
993 844 1088 908 nobis
1112 845 1320 930 exprimetur,

99 952 131 1001 16
151 935 360 1017 suspicentur.
406 932 475 997 Nos
503 932 603 1015 enim,
631 933 687 1015 qui
709 932 773 1015 ipsi
801 932 941 996 sermoni
969 953 1034 996 non
1062 933 1346 999 intertuissemusr

151 1025 184 1085 et
202 1023 317 1106 quibus
332 1022 365 1088 C.
381 1018 478 1086 Cotta
496 1020 721 1085 tantummodo
741 1021 829 1085 locos
849 1041 886 1084 ac
906 1021 1083 1085 sententias
1103 1021 1197 1086 huius
1212 1022 1347 1107 dispus

150 1112 283 1176 tationis
302 1110 497 1192 tradidisset,
519 1131 582 1193 quo
601 1110 635 1174 in
653 1130 769 1193 genere
789 1110 944 1174 orationis
963 1112 1134 1195 utrumque
1159 1115 1347 1176 oratorems

151 1221 419 1286 cognoveramus,
446 1198 480 1262 id
503 1199 609 1283 ipsum
632 1220 743 1262 sumus
765 1199 799 1262 in
823 1219 933 1262 eorum
957 1220 1104 1263 sermone
1128 1200 1319 1265 adumbrare

151 1290 270 1353 eonati.
304 1287 425 1364 Quodsi
449 1288 520 1372 quis
545 1288 615 1365 erit,
638 1287 693 1370 qui
717 1287 830 1351 ductus
855 1287 1007 1370 opinione
1028 1288 1118 1373 vulgi
1142 1293 1199 1352 aut
1217 1287 1320 1354 Anto-

150 1377 239 1440 nium
267 1376 454 1440 ieiuniorem
486 1379 543 1441 aut
569 1373 722 1441 Crassum
753 1375 931 1460 pleniorem
961 1376 1061 1440 fuisse
1089 1382 1193 1462 putet,
1224 1401 1319 1462 quam

150 1464 310 1549 quomodo
335 1487 353 1529 a
376 1464 470 1530 nobis
493 1467 626 1548 uterque
649 1463 798 1529 inductus
822 1468 884 1547 est,
907 1464 935 1528 is
959 1465 1020 1530 erit
1043 1487 1081 1529 ex
1105 1466 1160 1549 ais,
1185 1469 1240 1552 qui
1265 1471 1321 1531 aut

149 1553 224 1618 illos
243 1576 307 1618 non
327 1554 487 1618 audierint
506 1557 563 1618 aut
580 1553 720 1618 iudicare
739 1574 804 1617 non
823 1554 958 1638 possint.
992 1552 1076 1618 Nam
1096 1554 1159 1619 fuit
1176 1559 1320 1640 uterque,

150 1647 187 1707 ut
209 1643 342 1726 exposui
366 1647 472 1724 antea,
494 1663 566 1706 cum
590 1641 696 1706 studio
721 1646 753 1704 et
774 1641 905 1727 ingenio
929 1646 962 1706 et
985 1643 1129 1707 doctrina
1147 1648 1359 1727 praestaneis

151 1733 301 1797 omnibus
330 1736 399 1796 tum
428 1732 463 1795 in
487 1753 544 1794 suo
572 1752 689 1815 genere
716 1731 892 1814 perfectus,
920 1734 957 1794 ut
983 1753 1087 1815 neque
1115 1733 1147 1795 in
1172 1733 1317 1798 Antonio

151 1821 277 1886 deesset
299 1821 352 1885 hic
375 1825 509 1885 ornatus
533 1820 688 1884 orationis
711 1841 815 1903 neque
837 1820 871 1884 in
894 1817 1013 1884 Crasso
1036 1819 1237 1886 redundaret.

61 1920 131 1978 517
240 1907 286 1974 Ut
307 1910 408 1994 igitur
431 1913 506 1973 ante
530 1909 694 1973 meridiem
720 1909 937 1973 discesserunt
961 1909 1170 1995 paullumquc
1193 1912 1318 1994 requie·
1358 1978 1361 1983 ξ

150 2002 239 2082 runt,
272 1999 305 2061 in
332 1998 444 2081 primis
472 1997 533 2063 hoc
561 2020 580 2062 a
608 2019 642 2062 sc
670 1995 767 2063 Cotta
794 1997 1051 2063 animadversum
1082 2021 1152 2064 esse
1182 1999 1319 2084 dicebat,

150 2109 246 2152 omne
278 2086 359 2151 illud
390 2091 516 2170 tempus
549 2086 760 2151 meridianum
790 2082 942 2150 Crassum
971 2088 1005 2151 in
1039 2089 1196 2152 acerrima
1224 2093 1319 2172 atque
1334 2107 1360 2147 so

187 2286 211 2334 1.
232 2279 369 2347 Plutonis,
389 2278 652 2345 marisiaco.
798 2285 823 2332 8.
853 2279 936 2345 locos,
963 2277 1007 2332 die
1030 2278 1247 2349 Hauptpunhte,
1274 2279 1319 2333 die

186 2357 211 2406 2.
231 2352 407 2419 exprimitur,
421 2366 460 2416 ιι,
479 2350 554 2416 llso;
575 2348 620 2404 Or.
631 2366 652 2405 e.
672 2350 708 2404 ad
763 2347 890 2419 Kapitel,
917 2349 986 2403 fiber
1013 2351 1120 2404 welche
1143 2350 1319 2420 gesprochen

150 2422 209 2476 Att.
229 2428 254 2488 8,
272 2427 314 2489 11,
328 2438 348 2476 ι.
373 2420 415 2475 vis
438 2421 515 2475 illius
534 2421 600 2488 viri,
625 2438 709 2488 quem
762 2420 875 2475 worden
893 2419 938 2475 ist.

151 2493 255 2547 nostris
286 2493 366 2546 libris
393 2492 461 2547 satis
490 2492 641 2561 diligenter
664 2509 709 2547 ex·
798 2493 958 2559 sententias,
989 2490 1034 2546 die
1062 2491 1318 2562 Grundgedanlren;

150 2565 309 2634 pressimus.
762 2563 818 2617 loci
839 2579 872 2616 ac
892 2566 961 2618 sent.
981 2561 1147 2632 Grundzrige
1171 2567 1200 2617 in
1219 2561 1319 2618 tuller-

187 2641 212 2691 4.
245 2637 319 2704 quod
345 2636 518 2706 postulamus
548 2651 606 2689 uou
637 2653 655 2688 a
684 2640 709 2690 ie
763 2634 851 2688 licher
869 2652 894 2687 u.
909 2634 1079 2689 innerlicher
1094 2634 1261 2705 Beziehung,
1280 2636 1320 2689 im

151 2707 272 2776 quidem,
295 2706 333 2760 du
355 2707 457 2760 findest
475 2707 557 2774 alles,
580 2723 637 2762 ures
660 2707 707 2761 ich
761 2704 896 2760 Hinbliclr
914 2706 965 2760 anf
979 2705 1152 2774 Anordnung
1169 2726 1196 2760 u.
1215 2707 1318 2761 Inhalt.

153 2777 290 2848 schreibe,
308 2777 509 2843 volllrommcm
529 2779 573 2831 dir
585 2778 646 2832 also
662 2795 707 2831 zu·
797 2783 821 2832 9.
837 2793 890 2846 quo
899 2779 931 2831 iu
939 2794 1034 2849 periere
1044 2794 1260 2846 eoquoeeramus,
1274 2778 1319 2829 die

152 2852 292 2916 cometen,
306 2849 396 2903 meint
409 2847 464 2902 Cic.
479 2847 519 2900 im
530 2848 640 2916 Schera,
650 2846 708 2902 duit
762 2847 940 2902 reduerische
955 2847 1225 2917 Eigentiimlichheit
1243 2847 1319 2901 eines

151 2921 188 2974 du
198 2921 320 2990 glauben
334 2920 429 2987 sollst,
444 2919 489 2974 die
499 2920 707 2989 gegenwtrtige
759 2918 846 3042 {leden
878 2919 927 2972 der
958 2918 1061 2973 beiden
1091 2919 1320 2986 Hauptsprecher

152 2991 337 3060 Schildsrung
361 2990 410 3044 des
430 2989 545 3045 Crassus
564 2991 605 3045 sei
628 2990 708 3044 nicht
782 2988 1189 3044 atteCic.fr1iherausandern
1202 2987 1319 3054 Qusllsn

150 3061 353 3126 vollkommen,
385 3061 505 3115 sondern
536 3062 609 3115 noch
642 3061 709 3116 weit
761 3060 820 3113 und
834 3076 907 3113 zwar
920 3059 1077 3128 griindlich,
1091 3059 1171 3114 nicht
1184 3063 1256 3113 nach
1271 3061 1320 3115 der

150 3133 244 3188 hinter
267 3135 316 3187 der
334 3130 535 3186 Wirlrliohkcit
558 3131 709 3201 zumickge-
763 3130 997 3186 oberfltchlichcn
1014 3130 1133 3185 Ansicht
1156 3129 1205 3186 des
1223 3130 1317 3185 Publi·

149 3203 275 3271 blieben,
314 3208 388 3258 ware
429 3203 501 3257 doch
537 3201 707 3271 vcrgcblich.
761 3201 852 3269 huma,
872 3201 992 3255 sondern
1007 3203 1046 3256 sei
1062 3217 1091 3255 es
1105 3203 1177 3257 noch
1192 3218 1241 3256 aus
1256 3203 1320 3256 dem

186 3277 265 3330 uotis
288 3276 381 3329 omniu
397 3290 503 3330 summa
521 3275 636 3340 tribuis,
654 3273 708 3327 mir
761 3273 957 3342 personlichen
971 3273 1102 3342 Umgang
1116 3272 1183 3328 oder
1197 3290 1247 3328 aus
1266 3274 1320 3328 den

150 3364 203 3400 nur
221 3345 434 3401 Vortreffliches
454 3346 586 3399 zutraust.
763 3343 1320 3414 SchilderungenurteilsfahigerManner

187 3420 211 3471 5.
239 3418 330 3472 maius
356 3423 388 3472 ui
412 3448 446 3457 -
468 3418 640 3485 suspiceretur
671 3415 709 3469 ist
764 3415 831 3469 oder
844 3415 1095 3484 auchwenigstens
1111 3432 1171 3469 zum
1187 3416 1248 3471 Tei]
1262 3416 1320 3469 und

149 3487 311 3557 Epexegese
331 3506 364 3541 nu
382 3488 465 3556 quod.
762 3484 1017 3555 inBeziehungauf
1025 3485 1140 3541 Crassus
1151 3505 1201 3542 aus
1215 3487 1319 3542 hinter·

187 3565 211 3614 7.
231 3560 279 3629 qui
293 3590 327 3599 -
340 3560 564 3626 interfuissemus.
590 3558 639 3627 qui
657 3556 709 3611 mit
762 3557 891 3612 lausanen
914 3556 1055 3612 Schriften
1076 3558 1186 3612 kennen
1210 3559 1320 3628 gelernt

151 3631 214 3684 dem
239 3629 320 3699 Konj.
339 3629 371 3684 in
394 3629 587 3684 bonzessirem
612 3629 708 3682 Sinne:
763 3629 820 3682 und
839 3628 962 3682 darnach
980 3630 1030 3684 hat
1049 3646 1079 3684 er
1098 3630 1169 3683 eben
1188 3630 1241 3685 den
1258 3630 1319 3684 red·

150 3702 288 3756 trotzdem
306 3701 448 3756 ich...so
467 3700 539 3755 habe
558 3700 605 3754 ich
623 3698 708 3766 dosh3
762 3698 908 3755 nerischen
923 3698 1078 3755 Charakter
1095 3700 1192 3755 beider
1205 3701 1267 3755 hier
1286 3717 1320 3752 nu

150 3772 196 3826 die
224 3772 355 3842 Ftrbung
387 3771 424 3826 ist
455 3788 525 3841 ganz
558 3770 708 3842 subjelrtiv,
763 3770 895 3824 zeichnen
922 3772 1066 3837 versucht,
1098 3770 1210 3827 freilich
1240 3771 1320 3825 nicht

98 3883 99 3886 η
151 3845 230 3898 sonst
251 3845 331 3898 hatte
355 3842 412 3898 Cic.
432 3860 494 3897 cum
519 3842 587 3898 oder
613 3858 708 3911 quam·
762 3843 834 3896 nach
860 3844 909 3896 der
932 3843 1157 3912 gewdhnlichen,
1181 3844 1248 3897 aber
1272 3861 1320 3896 un-

151 3933 235 3984 quam
254 3917 370 3983 gesetzt.
390 3914 445 3969 Cic.
464 3914 524 3968 will
544 3931 642 3983 sagen:
662 3913 708 3968 ich
762 3911 1321 3983 richtigenAnsichtuberbeideMlinner,

149 3985 223 4040 habe
256 4003 285 4040 es
317 3989 545 4054 untemommen,
578 3983 708 4054 obgleieh
763 3985 881 4038 sondern
900 3984 1052 4054 moglichst
1070 3986 1139 4039 tren.

150 4057 205 4111 ich
227 4058 291 4110 mir
313 4057 424 4111 sclbst
447 4072 553 4126 sagon
577 4052 707 4123 musste,
798 4059 840 4109 15.
867 4057 972 4122 studio,
997 4059 1048 4111 etc.
1069 4055 1126 4121 153
1152 4055 1192 4108 III
1208 4071 1242 4112 rr.
1268 4071 1319 4122 rss;

149 4129 202 4182 wie
227 4127 377 4198 sshwierig
399 4127 491 4183 meina
511 4126 639 4197 Aufgabe
658 4127 707 4194 sei,
761 4124 867 4202 Einl3I
886 4131 901 4191 ς
920 4130 945 4194 8,
959 4142 995 4180 rs.

151 4200 187 4253 da
210 4200 256 4254 ich
281 4198 353 4254 cloch
377 4218 404 4254 u.
424 4218 444 4255 s.
464 4217 512 4267 w.,
531 4199 588 4268 vgl.
607 4199 642 4253 de
661 4197 706 4252 off.
797 4189 1321 4265 2)AustereSceneriezVersamm-

149 4269 188 4323 ΙΙΙ
200 4286 240 4325 rra
258 4270 437 4340 Pomponius,
452 4271 501 4340 qni
515 4269 595 4324 illum
604 4268 708 4323 iratum
761 4268 832 4336 lung
849 4267 889 4320 im
904 4266 979 4321 Paris
994 4285 1039 4322 am
1053 4266 1239 4340 Nachmittug
1257 4286 1280 4324 c.
1296 4275 1320 4336 t,

150 4340 303 4397 allaturum
336 4343 372 4397 ad
406 4359 435 4397 se
467 4341 575 4410 aliquid
611 4342 708 4395 contra
762 4355 796 4394 ιι.
811 4354 845 4392 rs.

150 4414 259 4484 petrem
279 4413 470 4482 arbitraretur,
489 4411 616 4467 surrexit.
798 4416 840 4465 20.
861 4411 892 4465 iu
911 4412 1044 4466 aeeuima
1063 4414 1233 4484 eopilatioue.
1253 4411 1321 4466 Dies
