2842 4778
130 186 198 250 414
477 184 534 246 ΒΕ,
546 183 715 240 ORATORE
733 183 773 239 III
792 190 817 253 8,
831 201 865 241 ar.
885 193 910 254 9,
924 201 959 240 aa.

131 349 317 436 singulare?
369 347 448 424 Quis
481 369 632 432 umquam
665 369 717 412 res
749 352 876 431 praeter
907 348 993 413 hunc
1024 349 1166 434 tragicas
1198 371 1298 433 paene

130 440 264 519 comice,
286 438 396 502 tristes
418 436 565 519 remisse,
593 457 720 500 severas
743 436 859 519 hilare,
884 438 1027 502 forenses
1051 439 1177 503 scenica
1199 460 1329 522 proper

129 530 299 592 venustate
317 525 471 590 tractavit
489 528 586 608 atque
605 524 662 609 ita,
680 529 717 589 ut
733 546 837 610 nequo
851 526 941 590 iocus
955 526 1178 611 magnitudine
1192 549 1300 592 rerum

77 632 111 682 31
131 615 355 681 excluderetur
377 634 435 678 neo
454 615 599 697 gravitas
618 613 743 678 facetiis
763 614 981 679 minueretur?
1013 614 1097 680 Ecce
1114 620 1300 699 praesentes

132 705 195 769 duo
228 726 328 788 prope
362 703 512 786 aequales
540 699 701 785 Sulpicius
734 707 767 767 et
793 699 900 769 Cotta.
945 702 1029 779 Quid
1056 709 1125 768 tam
1153 705 1238 770 inter
1265 727 1330 770 sec

132 793 309 858 dissimile?
330 791 406 876 quid
424 795 493 856 tam
511 791 547 855 in
564 813 622 856 suo
642 811 758 875 genere
777 792 971 875 praestans?
1003 792 1149 857 Limatus
1168 795 1249 857 alter
1268 798 1301 858 et

132 883 274 965 subtilis,
292 904 360 946 rem
376 881 539 966 explicans
553 880 694 964 propriis
714 881 863 964 aptisque
877 882 994 948 verbis.
1017 881 1138 946 Haeret
1155 882 1189 946 in
1203 904 1301 947 caua
1315 907 1329 946 r

132 993 260 1056 semper
290 974 323 1035 et
355 970 431 1055 quid
455 969 552 1034 iudici
584 969 786 1054 probandum
820 970 863 1034 sit
890 991 962 1034 cum
994 971 1178 1036 acutissime
1210 970 1301 1055 vidit,

131 1060 261 1126 omissis
284 1061 399 1125 ceteris
418 1060 628 1142 argumentis,
650 1057 683 1122 in
703 1079 741 1123 eo
760 1062 901 1123 mentem
920 1059 1162 1143 orationemque
1182 1059 1328 1144 defigite

131 1147 294 1234 Sulpicius
324 1152 431 1213 autem
453 1146 634 1212 fortissimo
659 1146 798 1230 quodam
823 1148 922 1212 animi
945 1148 1083 1232 impetu,
1111 1147 1345 1231 plenissimam

131 1243 165 1304 et
197 1238 340 1303 maxima
371 1257 461 1318 voce,
498 1257 624 1300 summa
656 1237 863 1300 contentione
900 1237 1043 1320 corporis
1076 1241 1109 1301 et
1142 1237 1301 1320 dignitate

133 1333 251 1409 motus,
273 1326 446 1390 verborum
471 1346 597 1409 quoque
621 1345 660 1388 ea
678 1324 838 1408 gravitate
861 1328 894 1389 et
912 1325 1006 1408 copia
1024 1329 1082 1409 est,
1104 1329 1141 1390 ut
1158 1347 1240 1389 unus
1260 1325 1302 1389 ad·

42 1425 115 1481 932
134 1415 305 1480 dicendum
331 1414 601 1478 instructissimus
625 1435 645 1478 a
668 1416 786 1478 natura
809 1436 878 1478 esse
901 1413 1056 1480 videatur.
1100 1413 1152 1479 Ad
1174 1418 1302 1478 nosmet

131 1504 221 1588 ipsos
244 1504 310 1568 iam
333 1506 491 1581 revertor,
515 1502 666 1586 quoniam
689 1503 735 1568 sic
759 1502 878 1567 fuimus
902 1524 1029 1585 semper
1052 1502 1242 1587 comparati,
1264 1506 1301 1567 ut
1315 1526 1344 1564 14-

130 1593 298 1658 hominum
328 1592 530 1657 sermonibus
559 1591 651 1675 quasi
677 1590 713 1656 in
744 1591 874 1676 aliquod
901 1591 1118 1656 contentionis
1146 1591 1300 1656 iudicium
1314 1613 1341 1654 15

130 1703 333 1765 vocaremur3
361 1681 437 1766 quid
464 1682 533 1744 tam
560 1679 716 1744 dissimile
744 1702 840 1764 quam
869 1700 929 1765 ego
957 1680 992 1743 in
1020 1680 1153 1745 dicendo
1179 1684 1212 1744 et
1234 1680 1300 1744 An-

130 1771 261 1837 tonius?
289 1792 362 1835 cum
389 1771 444 1833 ille
466 1771 495 1834 is
523 1769 566 1833 sit
589 1773 712 1853 orator,
739 1772 775 1832 ut
802 1768 885 1832 nihil
912 1789 950 1832 eo
978 1769 1082 1851 possit
1110 1791 1180 1834 esse
1208 1790 1299 1852 prae·
1314 1793 1339 1832 rr

131 1862 282 1942 stantius,
306 1880 365 1945 ego
389 1863 507 1940 autem,
531 1878 726 1942 quamquam
749 1862 869 1922 memet
886 1857 950 1922 mei
969 1859 1122 1942 paenitet,
1145 1880 1218 1923 cum
1237 1857 1299 1922 hoc
1314 1881 1339 1920 ra

131 1951 270 2013 maxime
297 1952 407 2012 tamen
430 1948 465 2011 in
487 1946 729 2028 comparatione
754 1947 940 2031 coniungor.
986 1946 1168 2031 Videtisne,
1196 1967 1297 2031 genus
1313 1969 1340 2008 rs

131 2084 395 2141 charakterisierten
435 2099 491 2138 von
531 2083 688 2139 rtmisohen
743 2083 804 2139 hier
823 2083 1028 2153 allgemein‘in
1047 2086 1142 2141 solche
1155 2084 1232 2155 Lago
1251 2101 1299 2156 go-

130 2158 260 2211 Rednem
279 2154 563 2226 entgegenzustellen.
744 2155 864 2210 bracht'.

169 2243 194 2293 2.
208 2239 299 2292 tristes
312 2237 433 2291 remisse:
447 2235 538 2304 ruhig,
552 2234 688 2305 gelassen.
778 2232 810 2280 ut
832 2227 971 2281 hominum
994 2228 1161 2282 semaces
1182 2230 1235 2283 eto.
1267 2227 1300 2281 ln

167 2314 689 2387 5,,quopropeaequazfflichqetwa=
743 2296 899 2367 geselligen
922 2297 1167 2367 Unterhaltungen
1195 2299 1299 2364 warde,

130 2388 238 2444 Altera·
257 2388 324 2444 oder
343 2387 550 2456 Zeitgenossen,
570 2387 690 2441 sondern
744 2383 774 2422 ⁸⁰
793 2369 836 2450 θῇ
853 2368 899 2422 (ῙῘθ
917 2368 996 2448 ,Rede
1015 2367 1066 2422 anf
1082 2366 1110 2421 0·
1125 2387 1151 2422 ¹1·
1171 2371 1204 2423 Α·
1223 2369 1301 2437 kam,

131 2458 602 2530 3111011111ὶῇςὶθῑοὴηθηῑς,γοῃ
621 2457 690 2528 3131.
744 2439 871 2509 sogle1ch
896 2439 942 2492 dre
960 2437 1050 2508 Frage
1073 2439 1147 2506 laut,
1170 2457 1226 2493 wer
1244 2457 1299 2494 von

131 2532 213 2586 chem
224 2530 331 2598 Werte,
351 2528 475 2599 gleicher
488 2527 690 2583 Trefflichkeit.
745 2511 847 2565 b‘lidffll
866 2509 920 2590 der,
933 2507 1052 2592 ἕΐὸὓθζθ
1066 2514 1140 2599 wlf?
1155 2509 1256 2592 (flqdflss
1271 2529 1302 2594 {³⁸

171 2621 247 2690 Quid
261 2625 317 2674 ,am
330 2621 403 2674 im„
415 2635 443 2674 ὅθ
456 2618 597 2685 dimne,
613 2616 690 2671 Bm
745 2582 805 2636 also
813 2580 867 2636 don
876 2582 1237 2636 berdenMersternahnlioh
1246 2599 1299 2636 wie

63 2674 65 2678 ¹
131 2707 172 2746 soi
197 2690 292 2760 Atque
318 2690 349 2745 in
371 2690 416 2744 his
439 2688 596 2744 oratoribus
619 2687 691 2742 illud
744 2652 1298 2723 anseremSchillerundGoetheerging),

85 2762 86 2766 ’
132 2760 411 2818 animadvertendum
440 2764 495 2829 est,
522 2775 604 2830 posse
629 2775 691 2814 esso
782 2729 822 2779 15'
842 2725 924 2794 qm
941 2726 973 2778 m
991 2725 1102 2794 ‘²²²¹qu
1121 2727 1301 2779 mmmmm

132 2834 327 2960 qqffiqgi
340 2832 414 2959 1523
423 2831 535 2957 ⁸31⁹th
531 2829 690 2971 {fgefflgg
744 2797 1071 2936 tttglttoettstt
1089 2793 1299 2919 iisildilissl

132 2974 216 3032 cotta
235 2974 367 3045 Sulpicio,
385 2980 414 3030 et
431 2976 548 3042 uterque
567 2972 691 3041 aequali·
744 2938 838 2992 schalt
855 2954 906 2991 vor
919 2935 1035 2991 Gericht
1052 2935 1173 2991 sordem.
1200 2935 1299 2989 Einl.I

132 3049 186 3181 bu:
202 3045 636 3192 εὲῗεῖἒξῗὲἵωῗῆξέἱῗῂοΐ
651 3138 690 3178 m
744 3013 760 3074 ἓ
775 3016 893 3133 l'tidom
906 3079 953 3132 sue
967 3079 1019 3132 etc.
1038 3074 1090 3130 Die
1100 3072 1299 3130 dissimilitudo

132 3197 173 3251 sic
187 3197 276 3265 igitur
290 3194 365 3249 dicet
378 3194 436 3260 ille,
453 3196 486 3249 ut
499 3196 593 3248 verset
606 3211 690 3263 saepe
744 3149 815 3203 ΨΜ
832 3147 989 3217 begrfindet
1011 3148 1099 3201 (ἰωὴ
1117 3145 1172 3200 den
1191 3146 1299 3214 ἂψ

132 3267 231 3322 multis
256 3267 346 3321 modis
371 3265 468 3320 eadem
492 3268 521 3320 et
538 3282 595 3320 una
611 3265 642 3319 in
660 3281 691 3319 re

131 3339 261 3405 haereat,
280 3336 312 3390 in
330 3336 485 3406 eademque
504 3339 691 3391 commoretur

132 3407 280 3465 sententia.

168 3495 193 3544 9.
213 3489 321 3544 omissis
338 3490 433 3544 ceteris
451 3489 628 3558 arpumentis,
646 3487 690 3542 die

131 3559 212 3615 nicht
243 3559 338 3614 direlrt
369 3559 472 3614 darauf
500 3558 590 3614 aielen
622 3558 691 3628 quid

132 3632 219 3686 iudici
238 3631 414 3701 probandum
428 3631 474 3696 sit,
493 3630 616 3684 Beweise
635 3645 690 3684 von

132 3703 213 3758 mehr
239 3702 489 3772 untergeordneter
514 3701 690 3770 Bedcutung,

133 3774 180 3830 die
199 3774 255 3829 den
272 3774 354 3828 einen
373 3774 441 3828 oder
460 3772 566 3827 andern
581 3772 690 3827 Neben·

745 3220 804 3273 satu
825 3218 966 3273 zwischen
987 3219 1037 3272 der
1054 3217 1228 3288 praestantia
1251 3217 1299 3272 des

743 3289 882 3346 Antonius
896 3307 923 3344 u.
933 3291 983 3344 der
991 3288 1237 3344 Unzut‘riedenheit
1251 3290 1300 3343 des

745 3362 859 3417 Crassus
874 3363 928 3415 mit
941 3361 1002 3415 sich
1016 3361 1104 3415 selbst
1115 3362 1229 3426 (memet
1243 3360 1300 3414 mei

744 3434 895 3504 paenitet),
918 3432 977 3487 dies
1001 3432 1114 3486 letztere
1138 3432 1206 3486 aber
1224 3432 1300 3486 steht

745 3505 849 3559 wieder
857 3502 887 3556 in
897 3502 1181 3557 cinemkonzessiven
1191 3501 1299 3570 (legen-

744 3577 803 3631 sata
826 3593 860 3628 zu
882 3575 933 3628 der
956 3574 1180 3642 Gleichstellung
1202 3572 1301 3627 beiden

744 3645 855 3702 Redner
872 3645 903 3699 in
921 3646 970 3699 der
988 3647 1122 3713 Meinung
1141 3645 1189 3698 der
1202 3643 1299 3698 Lente.

781 3722 823 3774 18.
833 3734 997 3787 quamquam
1007 3723 1099 3772 memet
1108 3717 1160 3771 ma
1165 3719 1299 3785 paenitet,

745 3791 797 3843 mit
810 3793 865 3842 mir
879 3787 968 3842 selbst
980 3786 1159 3841 unzui'rieden
1175 3787 1230 3853 bin,
1246 3786 1299 3840 mir

133 3846 233 3916 punlrt,
253 3848 302 3900 der
317 3849 413 3913 streng
431 3859 599 3913 genommen
612 3843 692 3897 nicht

132 3916 286 4044 ffr3088aohe
305 3917 414 3987 gehort,
434 3914 575 3970 erlautern
592 3915 690 3968 sollen.

170 4033 374 4137 10.'fortissimo
389 4067 506 4135 quodam
520 4082 566 4119 aa.
578 4066 691 4134 impetu,

133 4157 187 4193 von
207 4141 353 4193 hochstein
371 4135 483 4207 Drange
507 4137 555 4191 der
573 4135 690 4191 Leiden·

134 4210 227 4265 schaft
246 4207 361 4265 beseelt.

171 4295 213 4343 14.
246 4292 286 4344 sic
314 4289 480 4359 comparati,
506 4304 536 4342 so
564 4287 688 4356 gestent,

132 4361 217 4416 meist
229 4362 302 4416 nach
312 4361 515 4431 Veranlagung
523 4384 557 4405 ιι
566 4359 688 4429 geartet3

745 3860 834 3914 selbst
850 3857 930 3914 nicht
947 3863 1066 3928 gichtige,
1085 3877 1120 3912 an
1139 3859 1192 3910 mir
1211 3856 1300 3910 selbst

744 3933 809 3986 sehr
826 3931 884 3985 viel
901 3935 1080 3984 auszusetzen
1100 3928 1179 3983 habe.
1200 3928 1244 3982 Or.
1260 3944 1300 3982 reo

743 4019 799 4127 {it
817 4000 890 4127 θῗὲῗ
912 4002 1013 4126 litt}
1037 4000 1299 4139 itetllaqtlti‘

743 4161 796 4213 que
819 4143 932 4213 ingenio
956 4160 1050 4197 sumus
1076 4158 1184 4196 omnes:
1212 4141 1300 4196 nostri

743 4217 853 4270 nosmet
870 4215 1004 4283 paenitet.

780 4293 821 4340 19.
835 4302 920 4355 penus
930 4286 1058 4349 Antonii,
1072 4283 1117 4338 die
1128 4285 1300 4338 oratorische

743 4356 1021 4427 Eigentr'imlichlreit,
1040 4355 1113 4410 Einl.
1127 4355 1140 4408 I
1154 4360 1169 4420 ς
1185 4361 1216 4408 11
1233 4373 1255 4410 a.
1266 4357 1299 4410 A.
