<?xml version="1.0" encoding="UTF-8"?>
<!DOCTYPE html PUBLIC "-//W3C//DTD XHTML 1.0 Transitional//EN"
    "http://www.w3.org/TR/xhtml1/DTD/xhtml1-transitional.dtd">
<html xmlns="http://www.w3.org/1999/xhtml" xml:lang="en" lang="en">
 <head>
  <title>
</title>
<meta http-equiv="Content-Type" content="text/html;charset=utf-8" />
  <meta name='ocr-system' content='tesseract 3.04.00' />
  <meta name='ocr-capabilities' content='ocr_page ocr_carea ocr_par ocr_line ocrx_word'/>
</head>
<body>
  <div class='ocr_page' id='page_1' title='image "./deoratore01cicegoog_0040.png"; bbox 0 0 2842 4778; ppageno 0'>
   <div class='ocr_carea' id='block_1_1' title="bbox 115 181 1398 2036">
    <p class='ocr_par' dir='ltr' id='par_1_1' title="bbox 115 181 1398 2036">
     <span class='ocr_line' id='line_1_1' title="bbox 503 181 1319 254; baseline 0.002 -15"><span class='ocrx_word' id='word_1_1' title='bbox 503 184 552 239; x_wconf 77' lang='lat' dir='ltr'>DE</span> <span class='ocrx_word' id='word_1_2' title='bbox 572 181 744 239; x_wconf 81' lang='lat' dir='ltr'><strong>ORATORE</strong></span> <span class='ocrx_word' id='word_1_3' title='bbox 763 184 802 238; x_wconf 85' lang='grc' dir='ltr'>ΙΙΙ</span> <span class='ocrx_word' id='word_1_4' title='bbox 821 191 867 254; x_wconf 77' lang='lat'>16,</span> <span class='ocrx_word' id='word_1_5' title='bbox 886 201 920 242; x_wconf 73' lang='grc' dir='ltr'>ατ.</span> <span class='ocrx_word' id='word_1_6' title='bbox 935 202 967 241; x_wconf 86' lang='lat' dir='ltr'>ss.</span> <span class='ocrx_word' id='word_1_7' title='bbox 1253 188 1319 252; x_wconf 77' lang='lat'>425</span> 
     </span>
     <span class='ocr_line' id='line_1_2' title="bbox 125 347 1320 438; baseline -0.006 -16"><span class='ocrx_word' id='word_1_8' title='bbox 125 379 172 422; x_wconf 80' lang='lat' dir='ltr'>ra</span> <span class='ocrx_word' id='word_1_9' title='bbox 199 351 349 438; x_wconf 84' lang='lat' dir='ltr'>regendis</span> <span class='ocrx_word' id='word_1_10' title='bbox 377 347 564 415; x_wconf 87' lang='lat' dir='ltr'>civitatibus</span> <span class='ocrx_word' id='word_1_11' title='bbox 592 350 680 413; x_wconf 83' lang='lat' dir='ltr'>totos</span> <span class='ocrx_word' id='word_1_12' title='bbox 709 368 742 412; x_wconf 91' lang='lat' dir='ltr'>se</span> <span class='ocrx_word' id='word_1_13' title='bbox 770 347 810 412; x_wconf 93' lang='lat' dir='ltr'>ad</span> <span class='ocrx_word' id='word_1_14' title='bbox 839 349 1058 434; x_wconf 80' lang='lat' dir='ltr'>cognitionem</span> <span class='ocrx_word' id='word_1_15' title='bbox 1086 372 1191 415; x_wconf 89' lang='lat' dir='ltr'>rerum</span> <span class='ocrx_word' id='word_1_16' title='bbox 1215 354 1320 415; x_wconf 89' lang='lat' dir='ltr'>trans·</span> 
     </span>
     <span class='ocr_line' id='line_1_3' title="bbox 126 436 1321 524; baseline -0.003 -16"><span class='ocrx_word' id='word_1_17' title='bbox 126 443 311 524; x_wconf 78' lang='lat' dir='ltr'>etulernnt3</span> <span class='ocrx_word' id='word_1_18' title='bbox 340 459 422 524; x_wconf 90' lang='lat' dir='ltr'>quae</span> <span class='ocrx_word' id='word_1_19' title='bbox 448 437 517 502; x_wconf 85' lang='lat' dir='ltr'>rita</span> <span class='ocrx_word' id='word_1_20' title='bbox 543 440 677 521; x_wconf 89' lang='lat' dir='ltr'>propter</span> <span class='ocrx_word' id='word_1_21' title='bbox 704 436 975 521; x_wconf 75' lang='lat' dir='ltr'><strong>tranquillitatem</strong></span> <span class='ocrx_word' id='word_1_22' title='bbox 1003 442 1036 503; x_wconf 86' lang='lat' dir='ltr'>et</span> <span class='ocrx_word' id='word_1_23' title='bbox 1062 442 1195 524; x_wconf 88' lang='lat' dir='ltr'>propter</span> <span class='ocrx_word' id='word_1_24' title='bbox 1217 439 1321 524; x_wconf 89' lang='lat' dir='ltr'>ipsius</span> 
     </span>
     <span class='ocr_line' id='line_1_4' title="bbox 127 524 1322 613; baseline -0.004 -15"><span class='ocrx_word' id='word_1_25' title='bbox 127 530 308 598; x_wconf 86' lang='lat' dir='ltr'>ascientiae</span> <span class='ocrx_word' id='word_1_26' title='bbox 327 527 529 606; x_wconf 81' lang='lat' dir='ltr'>suavitatem,</span> <span class='ocrx_word' id='word_1_27' title='bbox 548 547 613 610; x_wconf 92' lang='lat' dir='ltr'>qua</span> <span class='ocrx_word' id='word_1_28' title='bbox 629 524 712 589; x_wconf 89' lang='lat' dir='ltr'>nihil</span> <span class='ocrx_word' id='word_1_29' title='bbox 731 529 782 590; x_wconf 87' lang='lat' dir='ltr'>est</span> <span class='ocrx_word' id='word_1_30' title='bbox 799 525 987 592; x_wconf 90' lang='lat' dir='ltr'>hominibus</span> <span class='ocrx_word' id='word_1_31' title='bbox 1004 527 1185 610; x_wconf 80' lang='lat' dir='ltr'>iucundius,</span> <span class='ocrx_word' id='word_1_32' title='bbox 1203 528 1322 613; x_wconf 88' lang='lat' dir='ltr'>plures,</span> 
     </span>
     <span class='ocr_line' id='line_1_5' title="bbox 128 613 1375 706; baseline -0.003 -20"><span class='ocrx_word' id='word_1_33' title='bbox 128 642 254 706; x_wconf 75' lang='lat' dir='ltr'>squam</span> <span class='ocrx_word' id='word_1_34' title='bbox 276 617 356 682; x_wconf 89' lang='lat' dir='ltr'>utile</span> <span class='ocrx_word' id='word_1_35' title='bbox 374 616 437 680; x_wconf 88' lang='lat' dir='ltr'>fuit</span> <span class='ocrx_word' id='word_1_36' title='bbox 455 615 551 679; x_wconf 89' lang='lat' dir='ltr'>rebus</span> <span class='ocrx_word' id='word_1_37' title='bbox 571 613 720 698; x_wconf 82' lang='lat' dir='ltr'>publicis,</span> <span class='ocrx_word' id='word_1_38' title='bbox 743 614 925 680; x_wconf 88' lang='lat' dir='ltr'>delectavit.</span> <span class='ocrx_word' id='word_1_39' title='bbox 964 615 1087 701; x_wconf 88' lang='lat' dir='ltr'>Itaque,</span> <span class='ocrx_word' id='word_1_40' title='bbox 1109 621 1147 681; x_wconf 85' lang='lat' dir='ltr'>ut</span> <span class='ocrx_word' id='word_1_41' title='bbox 1165 617 1195 681; x_wconf 93' lang='lat' dir='ltr'>ei</span> <span class='ocrx_word' id='word_1_42' title='bbox 1213 617 1321 683; x_wconf 88' lang='lat' dir='ltr'>studio</span> <span class='ocrx_word' id='word_1_43' title='bbox 1341 633 1375 682; x_wconf 75' lang='lat'>57</span> 
     </span>
     <span class='ocr_line' id='line_1_6' title="bbox 128 702 1322 789; baseline -0.003 -14"><span class='ocrx_word' id='word_1_44' title='bbox 128 731 190 776; x_wconf 82' lang='lat' dir='ltr'>sse</span> <span class='ocrx_word' id='word_1_45' title='bbox 213 704 491 773; x_wconf 80' lang='lat' dir='ltr'>excellentissimis</span> <span class='ocrx_word' id='word_1_46' title='bbox 514 703 655 787; x_wconf 84' lang='lat' dir='ltr'>ingeniis</span> <span class='ocrx_word' id='word_1_47' title='bbox 677 702 827 767; x_wconf 88' lang='lat' dir='ltr'>homines</span> <span class='ocrx_word' id='word_1_48' title='bbox 849 703 1049 789; x_wconf 86' lang='lat' dir='ltr'>dediderunt,</span> <span class='ocrx_word' id='word_1_49' title='bbox 1072 726 1111 770; x_wconf 90' lang='lat' dir='ltr'>ex</span> <span class='ocrx_word' id='word_1_50' title='bbox 1133 727 1172 769; x_wconf 83' lang='lat' dir='ltr'>ea</span> <span class='ocrx_word' id='word_1_51' title='bbox 1195 727 1322 771; x_wconf 83' lang='lat' dir='ltr'>summa</span> 
     </span>
     <span class='ocr_line' id='line_1_7' title="bbox 127 791 1398 895; baseline -0.003 -32"><span class='ocrx_word' id='word_1_52' title='bbox 127 797 310 864; x_wconf 80' lang='lat' dir='ltr'>efacnltate</span> <span class='ocrx_word' id='word_1_53' title='bbox 342 793 436 860; x_wconf 89' lang='lat' dir='ltr'>vacui</span> <span class='ocrx_word' id='word_1_54' title='bbox 468 814 505 858; x_wconf 89' lang='lat' dir='ltr'>ac</span> <span class='ocrx_word' id='word_1_55' title='bbox 537 791 631 893; x_wconf 81' lang='lat' dir='ltr'>liberi</span> <span class='ocrx_word' id='word_1_56' title='bbox 663 791 838 894; x_wconf 44' lang='lat' dir='ltr'>temporis·</span> <span class='ocrx_word' id='word_1_57' title='bbox 853 794 955 895; x_wconf 85' lang='lat' dir='ltr'>multo</span> <span class='ocrx_word' id='word_1_58' title='bbox 987 794 1094 878; x_wconf 90' lang='lat' dir='ltr'>plura,</span> <span class='ocrx_word' id='word_1_59' title='bbox 1126 816 1223 879; x_wconf 88' lang='lat' dir='ltr'>qnam</span> <span class='ocrx_word' id='word_1_60' title='bbox 1251 798 1323 860; x_wconf 91' lang='lat' dir='ltr'>erat</span> <span class='ocrx_word' id='word_1_61' title='bbox 1393 878 1398 885; x_wconf 26' lang='grc' dir='ltr'>Ι</span> 
     </span>
     <span class='ocr_line' id='line_1_8' title="bbox 129 881 1324 1056; baseline 0.009 -29"><span class='ocrx_word' id='word_1_62' title='bbox 129 881 1324 1056; x_wconf 37' lang='grc' dir='ltr'>7111111θέ11ῑί11Β1111ἓὅ11111111111111111111</span> 
     </span>
     <span class='ocr_line' id='line_1_9' title="bbox 129 1058 1325 1144; baseline -0.003 -14"><span class='ocrx_word' id='word_1_63' title='bbox 129 1069 242 1130; x_wconf 83' lang='lat' dir='ltr'>erunt.</span> <span class='ocrx_word' id='word_1_64' title='bbox 286 1060 373 1127; x_wconf 90' lang='lat' dir='ltr'>Nam</span> <span class='ocrx_word' id='word_1_65' title='bbox 396 1063 488 1125; x_wconf 85' lang='lat' dir='ltr'>vetus</span> <span class='ocrx_word' id='word_1_66' title='bbox 511 1058 641 1144; x_wconf 88' lang='lat' dir='ltr'>quidem</span> <span class='ocrx_word' id='word_1_67' title='bbox 664 1058 721 1123; x_wconf 90' lang='lat' dir='ltr'>illa</span> <span class='ocrx_word' id='word_1_68' title='bbox 744 1059 892 1124; x_wconf 89' lang='lat' dir='ltr'>doctrina</span> <span class='ocrx_word' id='word_1_69' title='bbox 911 1060 1022 1124; x_wconf 89' lang='lat' dir='ltr'>eadem</span> <span class='ocrx_word' id='word_1_70' title='bbox 1041 1059 1169 1137; x_wconf 81' lang='lat' dir='ltr'>videtur</span> <span class='ocrx_word' id='word_1_71' title='bbox 1188 1065 1325 1126; x_wconf 87' lang='lat' dir='ltr'>streete</span> 
     </span>
     <span class='ocr_line' id='line_1_10' title="bbox 154 1147 1325 1234; baseline -0.002 -18"><span class='ocrx_word' id='word_1_72' title='bbox 154 1151 294 1218; x_wconf 90' lang='lat' dir='ltr'>faciendi</span> <span class='ocrx_word' id='word_1_73' title='bbox 314 1153 347 1215; x_wconf 89' lang='lat' dir='ltr'>et</span> <span class='ocrx_word' id='word_1_74' title='bbox 364 1148 447 1213; x_wconf 90' lang='lat' dir='ltr'>bene</span> <span class='ocrx_word' id='word_1_75' title='bbox 465 1147 592 1213; x_wconf 88' lang='lat' dir='ltr'>dicendi</span> <span class='ocrx_word' id='word_1_76' title='bbox 611 1148 785 1232; x_wconf 81' lang='lat' dir='ltr'>magistra3</span> <span class='ocrx_word' id='word_1_77' title='bbox 809 1169 913 1233; x_wconf 91' lang='lat' dir='ltr'>neque</span> <span class='ocrx_word' id='word_1_78' title='bbox 933 1148 1069 1214; x_wconf 89' lang='lat' dir='ltr'>diiuncti</span> <span class='ocrx_word' id='word_1_79' title='bbox 1086 1148 1245 1234; x_wconf 88' lang='lat' dir='ltr'>doctores,</span> <span class='ocrx_word' id='word_1_80' title='bbox 1269 1149 1325 1214; x_wconf 87' lang='lat' dir='ltr'>sed</span> 
     </span>
     <span class='ocr_line' id='line_1_11' title="bbox 115 1236 1326 1323; baseline -0.004 -16"><span class='ocrx_word' id='word_1_81' title='bbox 115 1270 140 1307; x_wconf 80' lang='lat'>11</span> <span class='ocrx_word' id='word_1_82' title='bbox 156 1241 260 1306; x_wconf 91' lang='lat' dir='ltr'>eidem</span> <span class='ocrx_word' id='word_1_83' title='bbox 288 1240 382 1305; x_wconf 88' lang='lat' dir='ltr'>erant</span> <span class='ocrx_word' id='word_1_84' title='bbox 408 1236 540 1303; x_wconf 78' lang='lat' dir='ltr'>vivendi</span> <span class='ocrx_word' id='word_1_85' title='bbox 567 1240 791 1321; x_wconf 71' lang='lat' dir='ltr'>praeceptores</span> <span class='ocrx_word' id='word_1_86' title='bbox 814 1241 912 1323; x_wconf 83' lang='lat' dir='ltr'>atque</span> <span class='ocrx_word' id='word_1_87' title='bbox 936 1237 1074 1319; x_wconf 91' lang='lat' dir='ltr'>dicendi,</span> <span class='ocrx_word' id='word_1_88' title='bbox 1101 1243 1139 1304; x_wconf 89' lang='lat' dir='ltr'>ut</span> <span class='ocrx_word' id='word_1_89' title='bbox 1161 1239 1216 1303; x_wconf 88' lang='lat' dir='ltr'>ille</span> <span class='ocrx_word' id='word_1_90' title='bbox 1240 1238 1326 1323; x_wconf 87' lang='lat' dir='ltr'>apud</span> 
     </span>
     <span class='ocr_line' id='line_1_12' title="bbox 156 1325 1326 1410; baseline -0.002 -15"><span class='ocrx_word' id='word_1_91' title='bbox 156 1329 337 1395; x_wconf 89' lang='lat' dir='ltr'>Homerum</span> <span class='ocrx_word' id='word_1_92' title='bbox 356 1326 511 1410; x_wconf 86' lang='lat' dir='ltr'>Phoenix,</span> <span class='ocrx_word' id='word_1_93' title='bbox 530 1325 586 1409; x_wconf 84' lang='lat' dir='ltr'>qui</span> <span class='ocrx_word' id='word_1_94' title='bbox 605 1346 639 1390; x_wconf 90' lang='lat' dir='ltr'>se</span> <span class='ocrx_word' id='word_1_95' title='bbox 659 1326 788 1391; x_wconf 91' lang='lat' dir='ltr'>aPeleo</span> <span class='ocrx_word' id='word_1_96' title='bbox 807 1333 899 1409; x_wconf 81' lang='lat' dir='ltr'>patre</span> <span class='ocrx_word' id='word_1_97' title='bbox 913 1325 1036 1391; x_wconf 82' lang='lat' dir='ltr'>Achilli</span> <span class='ocrx_word' id='word_1_98' title='bbox 1053 1327 1161 1392; x_wconf 85' lang='lat' dir='ltr'>inveni</span> <span class='ocrx_word' id='word_1_99' title='bbox 1175 1328 1326 1393; x_wconf 92' lang='lat' dir='ltr'>comitem</span> 
     </span>
     <span class='ocr_line' id='line_1_13' title="bbox 156 1414 1328 1500; baseline -0.003 -16"><span class='ocrx_word' id='word_1_100' title='bbox 156 1440 226 1484; x_wconf 90' lang='lat' dir='ltr'>esse</span> <span class='ocrx_word' id='word_1_101' title='bbox 255 1418 367 1482; x_wconf 86' lang='lat' dir='ltr'>datum</span> <span class='ocrx_word' id='word_1_102' title='bbox 390 1414 471 1479; x_wconf 91' lang='lat' dir='ltr'>dicit</span> <span class='ocrx_word' id='word_1_103' title='bbox 492 1414 533 1479; x_wconf 92' lang='lat' dir='ltr'>ad</span> <span class='ocrx_word' id='word_1_104' title='bbox 556 1414 692 1500; x_wconf 90' lang='lat' dir='ltr'>bellum,</span> <span class='ocrx_word' id='word_1_105' title='bbox 719 1414 871 1479; x_wconf 89' lang='lat' dir='ltr'>utillum</span> <span class='ocrx_word' id='word_1_106' title='bbox 895 1414 1039 1481; x_wconf 88' lang='lat' dir='ltr'>efficeret</span> <span class='ocrx_word' id='word_1_107' title='bbox 1061 1415 1235 1482; x_wconf 74' lang='lat' dir='ltr'>‘oratorem</span> <span class='ocrx_word' id='word_1_108' title='bbox 1258 1438 1328 1482; x_wconf 77' lang='lat' dir='ltr'>ver·</span> 
     </span>
     <span class='ocr_line' id='line_1_14' title="bbox 156 1501 1380 1589; baseline -0.003 -17"><span class='ocrx_word' id='word_1_109' title='bbox 156 1508 274 1572; x_wconf 92' lang='lat' dir='ltr'>borum</span> <span class='ocrx_word' id='word_1_110' title='bbox 297 1508 503 1589; x_wconf 88' lang='lat' dir='ltr'>actoremque</span> <span class='ocrx_word' id='word_1_111' title='bbox 526 1501 654 1567; x_wconf 89' lang='lat' dir='ltr'>rerum’.</span> <span class='ocrx_word' id='word_1_112' title='bbox 701 1501 763 1568; x_wconf 87' lang='lat' dir='ltr'>Sed</span> <span class='ocrx_word' id='word_1_113' title='bbox 785 1505 822 1567; x_wconf 90' lang='lat' dir='ltr'>ut</span> <span class='ocrx_word' id='word_1_114' title='bbox 839 1503 989 1568; x_wconf 87' lang='lat' dir='ltr'>homines</span> <span class='ocrx_word' id='word_1_115' title='bbox 1007 1504 1118 1570; x_wconf 90' lang='lat' dir='ltr'>labore</span> <span class='ocrx_word' id='word_1_116' title='bbox 1138 1504 1274 1572; x_wconf 87' lang='lat' dir='ltr'>adsiduo</span> <span class='ocrx_word' id='word_1_117' title='bbox 1294 1509 1327 1571; x_wconf 89' lang='lat' dir='ltr'>et</span> <span class='ocrx_word' id='word_1_118' title='bbox 1347 1519 1380 1569; x_wconf 80' lang='lat' dir='ltr'>os</span> 
     </span>
     <span class='ocr_line' id='line_1_15' title="bbox 117 1591 1328 1678; baseline -0.003 -16"><span class='ocrx_word' id='word_1_119' title='bbox 117 1621 144 1662; x_wconf 78' lang='lat' dir='ltr'>ss</span> <span class='ocrx_word' id='word_1_120' title='bbox 158 1595 322 1662; x_wconf 87' lang='lat' dir='ltr'>cotidiano</span> <span class='ocrx_word' id='word_1_121' title='bbox 342 1591 478 1678; x_wconf 89' lang='lat' dir='ltr'>adsueti,</span> <span class='ocrx_word' id='word_1_122' title='bbox 495 1614 568 1658; x_wconf 90' lang='lat' dir='ltr'>cnm</span> <span class='ocrx_word' id='word_1_123' title='bbox 586 1592 793 1677; x_wconf 84' lang='lat' dir='ltr'>tempestatis</span> <span class='ocrx_word' id='word_1_124' title='bbox 812 1613 911 1658; x_wconf 89' lang='lat' dir='ltr'>causa</span> <span class='ocrx_word' id='word_1_125' title='bbox 930 1614 1026 1677; x_wconf 90' lang='lat' dir='ltr'>opere</span> <span class='ocrx_word' id='word_1_126' title='bbox 1044 1594 1268 1678; x_wconf 89' lang='lat' dir='ltr'>prohibentur,</span> <span class='ocrx_word' id='word_1_127' title='bbox 1287 1593 1328 1659; x_wconf 90' lang='lat' dir='ltr'>ad</span> 
     </span>
     <span class='ocr_line' id='line_1_16' title="bbox 157 1680 1328 1770; baseline -0.001 -21"><span class='ocrx_word' id='word_1_128' title='bbox 157 1686 257 1770; x_wconf 93' lang='lat' dir='ltr'>pilam</span> <span class='ocrx_word' id='word_1_129' title='bbox 290 1704 324 1747; x_wconf 85' lang='lat' dir='ltr'>se</span> <span class='ocrx_word' id='word_1_130' title='bbox 356 1685 413 1747; x_wconf 89' lang='lat' dir='ltr'>ant</span> <span class='ocrx_word' id='word_1_131' title='bbox 445 1681 485 1745; x_wconf 88' lang='lat' dir='ltr'>ad</span> <span class='ocrx_word' id='word_1_132' title='bbox 512 1681 598 1746; x_wconf 88' lang='lat' dir='ltr'>talos</span> <span class='ocrx_word' id='word_1_133' title='bbox 627 1685 684 1746; x_wconf 89' lang='lat' dir='ltr'>aut</span> <span class='ocrx_word' id='word_1_134' title='bbox 712 1680 753 1745; x_wconf 93' lang='lat' dir='ltr'>ad</span> <span class='ocrx_word' id='word_1_135' title='bbox 781 1684 921 1747; x_wconf 87' lang='lat' dir='ltr'>tesseras</span> <span class='ocrx_word' id='word_1_136' title='bbox 953 1681 1124 1747; x_wconf 84' lang='lat' dir='ltr'>conferunt</span> <span class='ocrx_word' id='word_1_137' title='bbox 1150 1683 1328 1748; x_wconf 89' lang='lat' dir='ltr'>autetiam</span> 
     </span>
     <span class='ocr_line' id='line_1_17' title="bbox 158 1770 1329 1856; baseline -0.003 -18"><span class='ocrx_word' id='word_1_138' title='bbox 158 1795 279 1839; x_wconf 84' lang='lat' dir='ltr'>norum</span> <span class='ocrx_word' id='word_1_139' title='bbox 308 1771 371 1836; x_wconf 90' lang='lat' dir='ltr'>sibi</span> <span class='ocrx_word' id='word_1_140' title='bbox 397 1770 462 1855; x_wconf 88' lang='lat' dir='ltr'>ipsi</span> <span class='ocrx_word' id='word_1_141' title='bbox 489 1771 631 1854; x_wconf 81' lang='lat' dir='ltr'>aliquem</span> <span class='ocrx_word' id='word_1_142' title='bbox 655 1771 844 1856; x_wconf 84' lang='lat' dir='ltr'>excogitant</span> <span class='ocrx_word' id='word_1_143' title='bbox 865 1770 900 1835; x_wconf 91' lang='lat' dir='ltr'>in</span> <span class='ocrx_word' id='word_1_144' title='bbox 924 1770 991 1835; x_wconf 93' lang='lat' dir='ltr'>otio</span> <span class='ocrx_word' id='word_1_145' title='bbox 1015 1771 1139 1854; x_wconf 88' lang='lat' dir='ltr'>ludum,</span> <span class='ocrx_word' id='word_1_146' title='bbox 1167 1772 1214 1836; x_wconf 88' lang='lat' dir='ltr'>sic</span> <span class='ocrx_word' id='word_1_147' title='bbox 1236 1772 1284 1836; x_wconf 94' lang='lat' dir='ltr'>illi</span> <span class='ocrx_word' id='word_1_148' title='bbox 1309 1793 1329 1835; x_wconf 83' lang='lat' dir='ltr'>a</span> 
     </span>
     <span class='ocr_line' id='line_1_18' title="bbox 118 1859 1329 1949; baseline -0.003 -21"><span class='ocrx_word' id='word_1_149' title='bbox 118 1890 144 1928; x_wconf 76' lang='grc' dir='ltr'>ιε</span> <span class='ocrx_word' id='word_1_150' title='bbox 157 1861 299 1949; x_wconf 78' lang='lat' dir='ltr'>negotiis</span> <span class='ocrx_word' id='word_1_151' title='bbox 330 1859 471 1942; x_wconf 87' lang='lat' dir='ltr'>publicis</span> <span class='ocrx_word' id='word_1_152' title='bbox 504 1863 671 1942; x_wconf 87' lang='lat' dir='ltr'>tamquam</span> <span class='ocrx_word' id='word_1_153' title='bbox 699 1859 741 1924; x_wconf 95' lang='lat' dir='ltr'>ab</span> <span class='ocrx_word' id='word_1_154' title='bbox 769 1881 867 1944; x_wconf 89' lang='lat' dir='ltr'>opere</span> <span class='ocrx_word' id='word_1_155' title='bbox 895 1864 951 1924; x_wconf 88' lang='lat' dir='ltr'>aut</span> <span class='ocrx_word' id='word_1_156' title='bbox 977 1861 1179 1945; x_wconf 81' lang='lat' dir='ltr'>temporibus</span> <span class='ocrx_word' id='word_1_157' title='bbox 1207 1860 1329 1925; x_wconf 87' lang='lat' dir='ltr'>exclusi</span> 
     </span>
     <span class='ocr_line' id='line_1_19' title="bbox 159 1947 1329 2036; baseline -0.002 -20"><span class='ocrx_word' id='word_1_158' title='bbox 159 1955 217 2016; x_wconf 89' lang='lat' dir='ltr'>aut</span> <span class='ocrx_word' id='word_1_159' title='bbox 239 1950 407 2015; x_wconf 77' lang='lat' dir='ltr'>voluntate</span> <span class='ocrx_word' id='word_1_160' title='bbox 431 1969 490 2012; x_wconf 87' lang='lat' dir='ltr'>sua</span> <span class='ocrx_word' id='word_1_161' title='bbox 513 1947 622 2012; x_wconf 89' lang='lat' dir='ltr'>feriati</span> <span class='ocrx_word' id='word_1_162' title='bbox 644 1951 733 2013; x_wconf 90' lang='lat' dir='ltr'>totos</span> <span class='ocrx_word' id='word_1_163' title='bbox 758 1970 792 2013; x_wconf 89' lang='lat' dir='ltr'>se</span> <span class='ocrx_word' id='word_1_164' title='bbox 816 1948 872 2014; x_wconf 89' lang='lat' dir='ltr'>alii</span> <span class='ocrx_word' id='word_1_165' title='bbox 896 1948 936 2013; x_wconf 90' lang='lat' dir='ltr'>ad</span> <span class='ocrx_word' id='word_1_166' title='bbox 959 1952 1088 2033; x_wconf 73' lang='lat' dir='ltr'>petias,</span> <span class='ocrx_word' id='word_1_167' title='bbox 1112 1949 1168 2014; x_wconf 89' lang='lat' dir='ltr'>alii</span> <span class='ocrx_word' id='word_1_168' title='bbox 1192 1949 1232 2014; x_wconf 93' lang='lat' dir='ltr'>ad</span> <span class='ocrx_word' id='word_1_169' title='bbox 1256 1970 1329 2036; x_wconf 81' lang='lat' dir='ltr'>geo-</span> 
     </span>
    </p>
   </div>
   <div class='ocr_carea' id='block_1_2' title="bbox 159 2105 1330 2319">
    <p class='ocr_par' dir='ltr' id='par_1_2' title="bbox 159 2105 1330 2319">
     <span class='ocr_line' id='line_1_20' title="bbox 160 2105 1330 2180; baseline 0.001 -18"><span class='ocrx_word' id='word_1_170' title='bbox 160 2107 329 2175; x_wconf 82' lang='lat' dir='ltr'>strebungen</span> <span class='ocrx_word' id='word_1_171' title='bbox 343 2105 400 2159; x_wconf 90' lang='lat' dir='ltr'>und</span> <span class='ocrx_word' id='word_1_172' title='bbox 416 2106 532 2160; x_wconf 79' lang='lat' dir='ltr'>Zweclre</span> <span class='ocrx_word' id='word_1_173' title='bbox 548 2107 596 2161; x_wconf 86' lang='lat' dir='ltr'>des</span> <span class='ocrx_word' id='word_1_174' title='bbox 606 2106 716 2162; x_wconf 82' lang='lat' dir='ltr'>hebens</span> <span class='ocrx_word' id='word_1_175' title='bbox 771 2132 805 2152; x_wconf 83' lang='lat'>==</span> <span class='ocrx_word' id='word_1_176' title='bbox 819 2107 921 2172; x_wconf 80' lang='lat' dir='ltr'>otium3</span> <span class='ocrx_word' id='word_1_177' title='bbox 936 2112 955 2162; x_wconf 83' lang='lat' dir='ltr'>t.</span> <span class='ocrx_word' id='word_1_178' title='bbox 966 2109 1080 2164; x_wconf 76' lang='lat' dir='ltr'>tibenin</span> <span class='ocrx_word' id='word_1_179' title='bbox 1088 2109 1169 2162; x_wconf 88' lang='lat' dir='ltr'>mehr</span> <span class='ocrx_word' id='word_1_180' title='bbox 1178 2107 1330 2180; x_wconf 85' lang='lat' dir='ltr'>subjektiv,</span> 
     </span>
     <span class='ocr_line' id='line_1_21' title="bbox 160 2175 1330 2247; baseline 0.001 -14"><span class='ocrx_word' id='word_1_181' title='bbox 160 2180 186 2234; x_wconf 89' lang='lat' dir='ltr'>d.</span> <span class='ocrx_word' id='word_1_182' title='bbox 205 2177 232 2232; x_wconf 92' lang='lat' dir='ltr'>h.</span> <span class='ocrx_word' id='word_1_183' title='bbox 256 2175 297 2232; x_wconf 89' lang='lat' dir='ltr'>sie</span> <span class='ocrx_word' id='word_1_184' title='bbox 323 2176 482 2247; x_wconf 82' lang='lat' dir='ltr'>verfolgten</span> <span class='ocrx_word' id='word_1_185' title='bbox 505 2176 587 2233; x_wconf 92' lang='lat' dir='ltr'>einen</span> <span class='ocrx_word' id='word_1_186' title='bbox 610 2178 717 2232; x_wconf 88' lang='lat' dir='ltr'>andern</span> <span class='ocrx_word' id='word_1_187' title='bbox 770 2177 816 2232; x_wconf 85' lang='lat' dir='ltr'>die</span> <span class='ocrx_word' id='word_1_188' title='bbox 834 2179 907 2246; x_wconf 90' lang='lat' dir='ltr'>Zeit‚</span> <span class='ocrx_word' id='word_1_189' title='bbox 930 2177 976 2233; x_wconf 89' lang='lat' dir='ltr'>die</span> <span class='ocrx_word' id='word_1_190' title='bbox 999 2196 1066 2234; x_wconf 89' lang='lat' dir='ltr'>man</span> <span class='ocrx_word' id='word_1_191' title='bbox 1083 2179 1144 2234; x_wconf 89' lang='lat' dir='ltr'>sich</span> <span class='ocrx_word' id='word_1_192' title='bbox 1161 2179 1216 2233; x_wconf 86' lang='lat' dir='ltr'>frei</span> <span class='ocrx_word' id='word_1_193' title='bbox 1233 2177 1330 2234; x_wconf 84' lang='lat' dir='ltr'>hulten</span> 
     </span>
     <span class='ocr_line' id='line_1_22' title="bbox 159 2247 1330 2319; baseline 0.001 -16"><span class='ocrx_word' id='word_1_194' title='bbox 159 2247 352 2305; x_wconf 85' lang='lat' dir='ltr'>Lebensberuf</span> <span class='ocrx_word' id='word_1_195' title='bbox 363 2248 408 2304; x_wconf 92' lang='lat' dir='ltr'>bei</span> <span class='ocrx_word' id='word_1_196' title='bbox 422 2248 547 2318; x_wconf 83' lang='lat' dir='ltr'>gleicher</span> <span class='ocrx_word' id='word_1_197' title='bbox 556 2248 714 2319; x_wconf 86' lang='lat' dir='ltr'>prudentia.</span> <span class='ocrx_word' id='word_1_198' title='bbox 770 2250 838 2304; x_wconf 90' lang='lat' dir='ltr'>oder</span> <span class='ocrx_word' id='word_1_199' title='bbox 855 2249 974 2304; x_wconf 80' lang='lat' dir='ltr'>macheu</span> <span class='ocrx_word' id='word_1_200' title='bbox 993 2251 1083 2315; x_wconf 70' lang='lat' dir='ltr'>haum</span> <span class='ocrx_word' id='word_1_201' title='bbox 1106 2249 1167 2305; x_wconf 86' lang='lat' dir='ltr'>also</span> <span class='ocrx_word' id='word_1_202' title='bbox 1186 2249 1330 2319; x_wconf 80' lang='lat' dir='ltr'>gegebene</span> 
     </span>
    </p>
   </div>
   <div class='ocr_carea' id='block_1_3' title="bbox 160 2317 1335 2904">
    <p class='ocr_par' dir='ltr' id='par_1_3' title="bbox 160 2317 1333 2602">
     <span class='ocr_line' id='line_1_23' title="bbox 199 2317 1111 2405; baseline -0.009 -20"><span class='ocrx_word' id='word_1_203' title='bbox 199 2337 222 2385; x_wconf 91' lang='lat'>1.</span> <span class='ocrx_word' id='word_1_204' title='bbox 246 2348 266 2384; x_wconf 87' lang='lat' dir='ltr'><strong><em>a</em></strong></span> <span class='ocrx_word' id='word_1_205' title='bbox 283 2331 408 2398; x_wconf 73' lang='lat' dir='ltr'>rependis</span> <span class='ocrx_word' id='word_1_206' title='bbox 426 2331 585 2385; x_wconf 80' lang='lat' dir='ltr'>ciuitatibus</span> <span class='ocrx_word' id='word_1_207' title='bbox 602 2335 672 2386; x_wconf 85' lang='lat' dir='ltr'>totos</span> <span class='ocrx_word' id='word_1_208' title='bbox 689 2345 717 2384; x_wconf 86' lang='lat' dir='ltr'>se</span> <span class='ocrx_word' id='word_1_209' title='bbox 769 2337 795 2376; x_wconf 75' lang='lat'>¹1·</span> <span class='ocrx_word' id='word_1_210' title='bbox 815 2320 993 2404; x_wconf 66' lang='lat' dir='ltr'>geschaiiene</span> <span class='ocrx_word' id='word_1_211' title='bbox 1005 2317 1111 2405; x_wconf 29' lang='lat' dir='ltr'>‘Mulie&#39;</span> 
     </span>
     <span class='ocr_line' id='line_1_24' title="bbox 160 2390 1333 2473; baseline -0.01 -16"><span class='ocrx_word' id='word_1_212' title='bbox 160 2401 514 2457; x_wconf 74' lang='lat' dir='ltr'>ad...transtnlernnteie</span> <span class='ocrx_word' id='word_1_213' title='bbox 528 2401 717 2456; x_wconf 82' lang='lat' dir='ltr'>verrichteten</span> <span class='ocrx_word' id='word_1_214' title='bbox 807 2397 832 2446; x_wconf 82' lang='lat' dir='ltr'>&#39;l-</span> <span class='ocrx_word' id='word_1_215' title='bbox 859 2392 1010 2447; x_wconf 67' lang='lat' dir='ltr'>doctissime</span> <span class='ocrx_word' id='word_1_216' title='bbox 1038 2393 1158 2447; x_wconf 77' lang='lat' dir='ltr'>homenes</span> <span class='ocrx_word' id='word_1_217' title='bbox 1182 2421 1216 2431; x_wconf 95' lang='lat'><em>-</em></span> <span class='ocrx_word' id='word_1_218' title='bbox 1241 2390 1333 2473; x_wconf 62' lang='lat' dir='ltr'>henan</span> 
     </span>
     <span class='ocr_line' id='line_1_25' title="bbox 161 2462 1333 2540; baseline -0.004 -19"><span class='ocrx_word' id='word_1_219' title='bbox 161 2487 231 2540; x_wconf 81' lang='lat' dir='ltr'>ganz</span> <span class='ocrx_word' id='word_1_220' title='bbox 255 2471 304 2524; x_wconf 85' lang='lat' dir='ltr'>auf</span> <span class='ocrx_word' id='word_1_221' title='bbox 401 2470 460 2524; x_wconf 85' lang='lat' dir='ltr'>und</span> <span class='ocrx_word' id='word_1_222' title='bbox 483 2470 633 2526; x_wconf 75' lang='lat' dir='ltr'>widmeten</span> <span class='ocrx_word' id='word_1_223' title='bbox 657 2471 717 2526; x_wconf 68' lang='lat' dir='ltr'>sich</span> <span class='ocrx_word' id='word_1_224' title='bbox 772 2462 843 2516; x_wconf 91' lang='lat' dir='ltr'>eben</span> <span class='ocrx_word' id='word_1_225' title='bbox 856 2462 975 2517; x_wconf 84' lang='lat' dir='ltr'>deshalb</span> <span class='ocrx_word' id='word_1_226' title='bbox 990 2462 1197 2517; x_wconf 71' lang='lat' dir='ltr'>fortwhhrendc</span> <span class='ocrx_word' id='word_1_227' title='bbox 1211 2464 1333 2531; x_wconf 79' lang='lat' dir='ltr'>gerstrge</span> 
     </span>
     <span class='ocr_line' id='line_1_26' title="bbox 161 2531 1332 2602; baseline -0.005 -8"><span class='ocrx_word' id='word_1_228' title='bbox 161 2539 291 2594; x_wconf 89' lang='lat' dir='ltr'>allein..</span> <span class='ocrx_word' id='word_1_229' title='bbox 771 2531 994 2602; x_wconf 74' lang='lat' dir='ltr'>Beschtitigung</span> <span class='ocrx_word' id='word_1_230' title='bbox 1014 2550 1078 2586; x_wconf 81' lang='lat' dir='ltr'>zum</span> <span class='ocrx_word' id='word_1_231' title='bbox 1096 2531 1247 2587; x_wconf 81' lang='lat' dir='ltr'>Bediirlnis</span> <span class='ocrx_word' id='word_1_232' title='bbox 1266 2549 1332 2588; x_wconf 83' lang='lat' dir='ltr'>war.</span> 
     </span>
    </p>

    <p class='ocr_par' dir='ltr' id='par_1_4' title="bbox 162 2601 1335 2904">
     <span class='ocr_line' id='line_1_27' title="bbox 198 2601 1335 2688; baseline -0.006 -15"><span class='ocrx_word' id='word_1_233' title='bbox 198 2619 377 2686; x_wconf 79' lang='lat' dir='ltr'>copnitionene</span> <span class='ocrx_word' id='word_1_234' title='bbox 398 2634 503 2683; x_wconf 78' lang='lat' dir='ltr'>rernm,</span> <span class='ocrx_word' id='word_1_235' title='bbox 526 2617 576 2673; x_wconf 88' lang='lat' dir='ltr'>der</span> <span class='ocrx_word' id='word_1_236' title='bbox 593 2620 717 2688; x_wconf 88' lang='lat' dir='ltr'>philoso·</span> <span class='ocrx_word' id='word_1_237' title='bbox 771 2601 835 2657; x_wconf 73' lang='lat'>1²²·</span> <span class='ocrx_word' id='word_1_238' title='bbox 1025 2675 1031 2688; x_wconf 53' lang='grc'><em>,</em></span> <span class='ocrx_word' id='word_1_239' title='bbox 1090 2677 1095 2688; x_wconf 47' lang='grc'><em>,</em></span> <span class='ocrx_word' id='word_1_240' title='bbox 1250 2676 1256 2688; x_wconf 44' lang='grc'>,</span> <span class='ocrx_word' id='word_1_241' title='bbox 1329 2676 1335 2688; x_wconf 45' lang='grc'><strong>,</strong></span> 
     </span>
     <span class='ocr_line' id='line_1_28' title="bbox 162 2675 1334 2758; baseline -0.004 -15"><span class='ocrx_word' id='word_1_242' title='bbox 162 2688 300 2758; x_wconf 65' lang='lat' dir='ltr'>periclen</span> <span class='ocrx_word' id='word_1_243' title='bbox 336 2687 522 2758; x_wconf 77' lang='lat' dir='ltr'>Spekulation</span> <span class='ocrx_word' id='word_1_244' title='bbox 561 2688 632 2743; x_wconf 71' lang='lat' dir='ltr'>saer</span> <span class='ocrx_word' id='word_1_245' title='bbox 673 2689 723 2743; x_wconf 74' lang='lat' dir='ltr'>sas</span> <span class='ocrx_word' id='word_1_246' title='bbox 813 2680 838 2728; x_wconf 82' lang='lat'>⁹·</span> <span class='ocrx_word' id='word_1_247' title='bbox 853 2675 1094 2742; x_wconf 73' lang='lat' dir='ltr'>etrectefanenn</span> <span class='ocrx_word' id='word_1_248' title='bbox 1108 2681 1134 2730; x_wconf 81' lang='lat' dir='ltr'>et</span> <span class='ocrx_word' id='word_1_249' title='bbox 1147 2676 1334 2758; x_wconf 59' lang='lat' dir='ltr'>benedicens</span> 
     </span>
     <span class='ocr_line' id='line_1_29' title="bbox 162 2743 1335 2830; baseline -0.007 -16"><span class='ocrx_word' id='word_1_250' title='bbox 162 2759 267 2814; x_wconf 74' lang='lat' dir='ltr'>Wesen</span> <span class='ocrx_word' id='word_1_251' title='bbox 294 2759 344 2813; x_wconf 77' lang='lat' dir='ltr'>rer</span> <span class='ocrx_word' id='word_1_252' title='bbox 369 2757 461 2829; x_wconf 77' lang='lat' dir='ltr'>Dioge</span> <span class='ocrx_word' id='word_1_253' title='bbox 487 2759 546 2813; x_wconf 80' lang='lat' dir='ltr'>uno</span> <span class='ocrx_word' id='word_1_254' title='bbox 570 2759 616 2813; x_wconf 72' lang='lat' dir='ltr'>no</span> <span class='ocrx_word' id='word_1_255' title='bbox 643 2759 722 2813; x_wconf 70' lang='lat' dir='ltr'>Prin-</span> <span class='ocrx_word' id='word_1_256' title='bbox 777 2745 835 2814; x_wconf 77' lang='lat' dir='ltr'>vel·</span> <span class='ocrx_word' id='word_1_257' title='bbox 854 2743 938 2798; x_wconf 71' lang='lat' dir='ltr'>eaor</span> <span class='ocrx_word' id='word_1_258' title='bbox 951 2745 1099 2827; x_wconf 61' lang='lat' dir='ltr'>bernhpte</span> <span class='ocrx_word' id='word_1_259' title='bbox 1112 2745 1266 2801; x_wconf 78' lang='lat' dir='ltr'>Defimnon</span> <span class='ocrx_word' id='word_1_260' title='bbox 1285 2744 1335 2830; x_wconf 71' lang='lat' dir='ltr'>des</span> 
     </span>
     <span class='ocr_line' id='line_1_30' title="bbox 162 2814 1335 2904; baseline -0.006 -28"><span class='ocrx_word' id='word_1_261' title='bbox 162 2830 254 2904; x_wconf 63' lang='lat' dir='ltr'>zipien</span> <span class='ocrx_word' id='word_1_262' title='bbox 273 2829 343 2884; x_wconf 67' lang='lat' dir='ltr'>alleg</span> <span class='ocrx_word' id='word_1_263' title='bbox 363 2829 452 2885; x_wconf 64' lang='lat' dir='ltr'>seins,</span> <span class='ocrx_word' id='word_1_264' title='bbox 776 2814 901 2868; x_wconf 87' lang='lat' dir='ltr'>Redners</span> <span class='ocrx_word' id='word_1_265' title='bbox 929 2816 976 2869; x_wconf 85' lang='lat' dir='ltr'>ber</span> <span class='ocrx_word' id='word_1_266' title='bbox 999 2814 1093 2879; x_wconf 76' lang='lat' dir='ltr'>Quint.</span> <span class='ocrx_word' id='word_1_267' title='bbox 1117 2815 1184 2884; x_wconf 85' lang='lat' dir='ltr'>XII,</span> <span class='ocrx_word' id='word_1_268' title='bbox 1207 2822 1236 2884; x_wconf 87' lang='lat'>1,</span> <span class='ocrx_word' id='word_1_269' title='bbox 1256 2832 1268 2870; x_wconf 87' lang='lat'>1</span> <span class='ocrx_word' id='word_1_270' title='bbox 1291 2832 1335 2871; x_wconf 82' lang='lat' dir='ltr'>cer</span> 
     </span>
    </p>
   </div>
   <div class='ocr_carea' id='block_1_4' title="bbox 200 2884 1130 2982">
    <p class='ocr_par' dir='ltr' id='par_1_5' title="bbox 200 2884 1130 2982">
     <span class='ocr_line' id='line_1_31' title="bbox 200 2884 1130 2982; baseline -0.014 -16"><span class='ocrx_word' id='word_1_271' title='bbox 200 2917 226 2967; x_wconf 79' lang='lat'>2,</span> <span class='ocrx_word' id='word_1_272' title='bbox 237 2913 474 2982; x_wconf 67' lang='lat' dir='ltr'>tranquillitatem,</span> <span class='ocrx_word' id='word_1_273' title='bbox 485 2910 519 2965; x_wconf 86' lang='lat' dir='ltr'>de</span> <span class='ocrx_word' id='word_1_274' title='bbox 527 2911 630 2968; x_wconf 80' lang='lat' dir='ltr'>offilss</span> <span class='ocrx_word' id='word_1_275' title='bbox 640 2910 724 2966; x_wconf 89' lang='lat' dir='ltr'>multi</span> <span class='ocrx_word' id='word_1_276' title='bbox 778 2886 865 2941; x_wconf 59' lang='lat' dir='ltr'>im</span> <span class='ocrx_word' id='word_1_277' title='bbox 883 2884 996 2940; x_wconf 57' lang='lat' dir='ltr'>diffindi</span> <span class='ocrx_word' id='word_1_278' title='bbox 1014 2887 1130 2956; x_wconf 65' lang='grc' dir='ltr'><strong>Ρθῐῆΰῦ·</strong></span> 
     </span>
    </p>
   </div>
   <div class='ocr_carea' id='block_1_5' title="bbox 162 2981 724 3767">
    <p class='ocr_par' dir='ltr' id='par_1_6' title="bbox 162 2981 723 3338">
     <span class='ocr_line' id='line_1_32' title="bbox 166 2981 723 3052; baseline 0 -14"><span class='ocrx_word' id='word_1_279' title='bbox 166 2987 262 3038; x_wconf 85' lang='lat' dir='ltr'>antem</span> <span class='ocrx_word' id='word_1_280' title='bbox 281 2986 310 3037; x_wconf 91' lang='lat' dir='ltr'>et</span> <span class='ocrx_word' id='word_1_281' title='bbox 328 2986 393 3038; x_wconf 90' lang='lat' dir='ltr'>sunt</span> <span class='ocrx_word' id='word_1_282' title='bbox 406 2983 436 3037; x_wconf 87' lang='lat' dir='ltr'>et</span> <span class='ocrx_word' id='word_1_283' title='bbox 449 2983 569 3052; x_wconf 83' lang='lat' dir='ltr'>fuerunt,</span> <span class='ocrx_word' id='word_1_284' title='bbox 589 2981 637 3051; x_wconf 89' lang='lat' dir='ltr'>qui</span> <span class='ocrx_word' id='word_1_285' title='bbox 651 3000 723 3052; x_wconf 87' lang='lat' dir='ltr'>eam,</span> 
     </span>
     <span class='ocr_line' id='line_1_33' title="bbox 162 3053 722 3124; baseline 0.007 -18"><span class='ocrx_word' id='word_1_286' title='bbox 162 3070 247 3124; x_wconf 89' lang='lat' dir='ltr'>quam</span> <span class='ocrx_word' id='word_1_287' title='bbox 275 3054 351 3123; x_wconf 85' lang='lat' dir='ltr'>dico,</span> <span class='ocrx_word' id='word_1_288' title='bbox 378 3053 616 3124; x_wconf 78' lang='lat' dir='ltr'>tranquillitatem</span> <span class='ocrx_word' id='word_1_289' title='bbox 640 3071 722 3124; x_wconf 87' lang='lat' dir='ltr'>expe·</span> 
     </span>
     <span class='ocr_line' id='line_1_34' title="bbox 162 3124 722 3195; baseline 0.002 -16"><span class='ocrx_word' id='word_1_290' title='bbox 162 3125 255 3179; x_wconf 89' lang='lat' dir='ltr'>tentes</span> <span class='ocrx_word' id='word_1_291' title='bbox 274 3141 292 3178; x_wconf 89' lang='lat' dir='ltr'>a</span> <span class='ocrx_word' id='word_1_292' title='bbox 309 3125 430 3194; x_wconf 85' lang='lat' dir='ltr'>negotiis</span> <span class='ocrx_word' id='word_1_293' title='bbox 448 3124 569 3195; x_wconf 86' lang='lat' dir='ltr'>publicis</span> <span class='ocrx_word' id='word_1_294' title='bbox 588 3143 618 3181; x_wconf 91' lang='lat' dir='ltr'>se</span> <span class='ocrx_word' id='word_1_295' title='bbox 632 3141 722 3181; x_wconf 89' lang='lat' dir='ltr'>remo-</span> 
     </span>
     <span class='ocr_line' id='line_1_35' title="bbox 163 3196 722 3266; baseline 0.002 -15"><span class='ocrx_word' id='word_1_296' title='bbox 163 3196 257 3251; x_wconf 85' lang='lat' dir='ltr'>verint</span> <span class='ocrx_word' id='word_1_297' title='bbox 279 3196 314 3250; x_wconf 87' lang='lat' dir='ltr'>ad</span> <span class='ocrx_word' id='word_1_298' title='bbox 334 3196 478 3265; x_wconf 88' lang='lat' dir='ltr'>otiumque</span> <span class='ocrx_word' id='word_1_299' title='bbox 498 3196 670 3266; x_wconf 77' lang='lat' dir='ltr'>defugerint3</span> <span class='ocrx_word' id='word_1_300' title='bbox 692 3198 722 3252; x_wconf 91' lang='lat' dir='ltr'>in</span> 
     </span>
     <span class='ocr_line' id='line_1_36' title="bbox 164 3267 694 3338; baseline 0.006 -17"><span class='ocrx_word' id='word_1_301' title='bbox 164 3267 209 3321; x_wconf 86' lang='lat' dir='ltr'>his</span> <span class='ocrx_word' id='word_1_302' title='bbox 228 3271 257 3321; x_wconf 87' lang='lat' dir='ltr'>et</span> <span class='ocrx_word' id='word_1_303' title='bbox 274 3267 444 3322; x_wconf 88' lang='lat' dir='ltr'>nobilissimi</span> <span class='ocrx_word' id='word_1_304' title='bbox 461 3267 623 3338; x_wconf 89' lang='lat' dir='ltr'>philosophi</span> <span class='ocrx_word' id='word_1_305' title='bbox 641 3271 694 3324; x_wconf 83' lang='lat' dir='ltr'>etc.</span> 
     </span>
    </p>

    <p class='ocr_par' dir='ltr' id='par_1_7' title="bbox 163 3348 723 3629">
     <span class='ocr_line' id='line_1_37' title="bbox 198 3348 723 3418; baseline 0.004 -16"><span class='ocrx_word' id='word_1_306' title='bbox 198 3348 723 3418; x_wconf 79' lang='lat' dir='ltr'>prepteripsinsseienn’aesnoeitotem,</span> 
     </span>
     <span class='ocr_line' id='line_1_38' title="bbox 163 3418 723 3546; baseline 0.007 -4"><span class='ocrx_word' id='word_1_307' title='bbox 163 3418 584 3546; x_wconf 53' lang='lat' dir='ltr'>trististristis</span> <span class='ocrx_word' id='word_1_308' title='bbox 598 3419 723 3546; x_wconf 50' lang='lat' dir='ltr'>intr</span> 
     </span>
     <span class='ocr_line' id='line_1_39' title="bbox 165 3561 315 3629; baseline -0.007 -14"><span class='ocrx_word' id='word_1_309' title='bbox 165 3561 315 3629; x_wconf 71' lang='lat' dir='ltr'>gewhhrt’.</span> 
     </span>
    </p>

    <p class='ocr_par' dir='ltr' id='par_1_8' title="bbox 165 3639 724 3767">
     <span class='ocr_line' id='line_1_40' title="bbox 200 3639 724 3710; baseline 0.006 -16"><span class='ocrx_word' id='word_1_310' title='bbox 200 3645 226 3694; x_wconf 81' lang='lat'>3.</span> <span class='ocrx_word' id='word_1_311' title='bbox 240 3657 296 3710; x_wconf 79' lang='lat' dir='ltr'>qne</span> <span class='ocrx_word' id='word_1_312' title='bbox 308 3640 380 3694; x_wconf 83' lang='lat' dir='ltr'>nibit</span> <span class='ocrx_word' id='word_1_313' title='bbox 390 3643 443 3694; x_wconf 90' lang='lat' dir='ltr'>etc.</span> <span class='ocrx_word' id='word_1_314' title='bbox 460 3639 511 3695; x_wconf 87' lang='lat' dir='ltr'>das</span> <span class='ocrx_word' id='word_1_315' title='bbox 523 3640 724 3710; x_wconf 81' lang='lat' dir='ltr'>Erhebendste‚</span> 
     </span>
     <span class='ocr_line' id='line_1_41' title="bbox 165 3709 724 3767; baseline 0.007 -4"><span class='ocrx_word' id='word_1_316' title='bbox 165 3726 223 3764; x_wconf 81' lang='lat' dir='ltr'>was</span> <span class='ocrx_word' id='word_1_317' title='bbox 242 3711 307 3764; x_wconf 91' lang='lat' dir='ltr'>dem</span> <span class='ocrx_word' id='word_1_318' title='bbox 321 3709 472 3764; x_wconf 86' lang='lat' dir='ltr'>Menschen</span> <span class='ocrx_word' id='word_1_319' title='bbox 491 3711 659 3766; x_wconf 89' lang='lat' dir='ltr'>beschieden</span> <span class='ocrx_word' id='word_1_320' title='bbox 678 3712 724 3767; x_wconf 88' lang='lat' dir='ltr'>ist.</span> 
     </span>
    </p>
   </div>
   <div class='ocr_carea' id='block_1_6' title="bbox 167 3790 728 4450">
    <p class='ocr_par' dir='ltr' id='par_1_9' title="bbox 168 3790 724 3930">
     <span class='ocr_line' id='line_1_42' title="bbox 204 3790 724 3856; baseline 0.008 -14"><span class='ocrx_word' id='word_1_321' title='bbox 204 3795 230 3844; x_wconf 85' lang='lat'>4.</span> <span class='ocrx_word' id='word_1_322' title='bbox 259 3791 414 3856; x_wconf 81' lang='lat' dir='ltr'>delectavit,</span> <span class='ocrx_word' id='word_1_323' title='bbox 438 3790 489 3845; x_wconf 85' lang='lat' dir='ltr'>wir</span> <span class='ocrx_word' id='word_1_324' title='bbox 512 3792 587 3846; x_wconf 85' lang='lat' dir='ltr'>etwa</span> <span class='ocrx_word' id='word_1_325' title='bbox 605 3790 724 3847; x_wconf 83' lang='lat' dir='ltr'>.‘befrie-</span> 
     </span>
     <span class='ocr_line' id='line_1_43' title="bbox 168 3859 422 3930; baseline 0.012 -16"><span class='ocrx_word' id='word_1_326' title='bbox 168 3859 264 3930; x_wconf 80' lang='lat' dir='ltr'>digen,</span> <span class='ocrx_word' id='word_1_327' title='bbox 283 3859 422 3917; x_wconf 82' lang='lat' dir='ltr'>erfiillen’.</span> 
     </span>
    </p>

    <p class='ocr_par' dir='ltr' id='par_1_10' title="bbox 168 3942 726 4154">
     <span class='ocr_line' id='line_1_44' title="bbox 203 3942 725 4024; baseline 0.008 -29"><span class='ocrx_word' id='word_1_328' title='bbox 203 3945 227 3995; x_wconf 82' lang='lat'>5.</span> <span class='ocrx_word' id='word_1_329' title='bbox 248 3942 477 3998; x_wconf 74' lang='lat' dir='ltr'>excellentissimis</span> <span class='ocrx_word' id='word_1_330' title='bbox 494 3943 613 4024; x_wconf 72' lang='lat' dir='ltr'>inpeniis</span> <span class='ocrx_word' id='word_1_331' title='bbox 631 3943 725 3999; x_wconf 88' lang='lat' dir='ltr'>loclre·</span> 
     </span>
     <span class='ocr_line' id='line_1_45' title="bbox 168 4011 726 4082; baseline 0.005 -15"><span class='ocrx_word' id='word_1_332' title='bbox 168 4029 214 4067; x_wconf 92' lang='lat' dir='ltr'>rer</span> <span class='ocrx_word' id='word_1_333' title='bbox 231 4011 296 4067; x_wconf 78' lang='lat' dir='ltr'>hbl.</span> <span class='ocrx_word' id='word_1_334' title='bbox 316 4011 391 4082; x_wconf 90' lang='lat' dir='ltr'>qual.</span> <span class='ocrx_word' id='word_1_335' title='bbox 405 4031 439 4067; x_wconf 81' lang='lat' dir='ltr'>au</span> <span class='ocrx_word' id='word_1_336' title='bbox 456 4014 585 4069; x_wconf 90' lang='lat' dir='ltr'>hommes</span> <span class='ocrx_word' id='word_1_337' title='bbox 603 4016 661 4070; x_wconf 89' lang='lat' dir='ltr'>und</span> <span class='ocrx_word' id='word_1_338' title='bbox 679 4033 726 4070; x_wconf 83' lang='lat' dir='ltr'>zu-</span> 
     </span>
     <span class='ocr_line' id='line_1_46' title="bbox 169 4082 658 4154; baseline 0.01 -18"><span class='ocrx_word' id='word_1_339' title='bbox 169 4082 264 4154; x_wconf 82' lang='lat' dir='ltr'>gleich</span> <span class='ocrx_word' id='word_1_340' title='bbox 281 4084 410 4140; x_wconf 90' lang='lat' dir='ltr'>instrum.</span> <span class='ocrx_word' id='word_1_341' title='bbox 430 4103 464 4140; x_wconf 83' lang='lat' dir='ltr'>au</span> <span class='ocrx_word' id='word_1_342' title='bbox 483 4085 658 4141; x_wconf 85' lang='lat' dir='ltr'>dediderunt.</span> 
     </span>
    </p>

    <p class='ocr_par' dir='ltr' id='par_1_11' title="bbox 167 4165 728 4375">
     <span class='ocr_line' id='line_1_47' title="bbox 202 4165 728 4236; baseline 0.006 -17"><span class='ocrx_word' id='word_1_343' title='bbox 202 4181 236 4219; x_wconf 80' lang='lat' dir='ltr'>ec</span> <span class='ocrx_word' id='word_1_344' title='bbox 254 4181 360 4220; x_wconf 86' lang='lat' dir='ltr'>snmmc</span> <span class='ocrx_word' id='word_1_345' title='bbox 379 4165 512 4232; x_wconf 81' lang='lat' dir='ltr'>facultate</span> <span class='ocrx_word' id='word_1_346' title='bbox 529 4168 666 4236; x_wconf 82' lang='lat' dir='ltr'>temporis,</span> <span class='ocrx_word' id='word_1_347' title='bbox 684 4168 728 4222; x_wconf 89' lang='lat' dir='ltr'>in-</span> 
     </span>
     <span class='ocr_line' id='line_1_48' title="bbox 167 4234 726 4306; baseline 0.011 -19"><span class='ocrx_word' id='word_1_348' title='bbox 167 4234 244 4304; x_wconf 84' lang='lat' dir='ltr'>folge</span> <span class='ocrx_word' id='word_1_349' title='bbox 268 4236 318 4290; x_wconf 87' lang='lat' dir='ltr'>der</span> <span class='ocrx_word' id='word_1_350' title='bbox 341 4236 407 4290; x_wconf 88' lang='lat' dir='ltr'>sehr</span> <span class='ocrx_word' id='word_1_351' title='bbox 428 4237 643 4306; x_wconf 84' lang='lat' dir='ltr'>weitgehenden</span> <span class='ocrx_word' id='word_1_352' title='bbox 659 4239 726 4294; x_wconf 89' lang='lat' dir='ltr'>Ver-</span> 
     </span>
     <span class='ocr_line' id='line_1_49' title="bbox 167 4305 420 4375; baseline 0.008 -16"><span class='ocrx_word' id='word_1_353' title='bbox 167 4305 276 4375; x_wconf 80' lang='lat' dir='ltr'>fflgung</span> <span class='ocrx_word' id='word_1_354' title='bbox 302 4307 372 4361; x_wconf 84' lang='lat' dir='ltr'>iiber</span> <span class='ocrx_word' id='word_1_355' title='bbox 391 4350 420 4361; x_wconf 92' lang='lat'>..</span> 
     </span>
    </p>

    <p class='ocr_par' dir='ltr' id='par_1_12' title="bbox 204 4378 725 4450">
     <span class='ocr_line' id='line_1_50' title="bbox 204 4378 725 4450; baseline 0.006 -19"><span class='ocrx_word' id='word_1_356' title='bbox 204 4383 229 4432; x_wconf 84' lang='grc'>6.</span> <span class='ocrx_word' id='word_1_357' title='bbox 247 4383 352 4448; x_wconf 82' lang='lat' dir='ltr'>tempus</span> <span class='ocrx_word' id='word_1_358' title='bbox 370 4395 487 4435; x_wconf 73' lang='lat' dir='ltr'>omnem</span> <span class='ocrx_word' id='word_1_359' title='bbox 504 4379 585 4433; x_wconf 85' lang='lat' dir='ltr'>mehr</span> <span class='ocrx_word' id='word_1_360' title='bbox 598 4378 725 4450; x_wconf 86' lang='lat' dir='ltr'>objektiv</span> 
     </span>
    </p>
   </div>
   <div class='ocr_carea' id='block_1_7' title="bbox 776 2957 1337 3170">
    <p class='ocr_par' dir='ltr' id='par_1_13' title="bbox 776 2957 1337 3170">
     <span class='ocr_line' id='line_1_51' title="bbox 815 2957 1334 3026; baseline 0.006 -15"><span class='ocrx_word' id='word_1_361' title='bbox 815 2963 858 3011; x_wconf 95' lang='grc'>11.</span> <span class='ocrx_word' id='word_1_362' title='bbox 868 2958 945 3026; x_wconf 80' lang='lat' dir='ltr'>apud</span> <span class='ocrx_word' id='word_1_363' title='bbox 954 2957 1232 3025; x_wconf 76' lang='lat' dir='ltr'>Hom.‚11.1xrssff.</span> <span class='ocrx_word' id='word_1_364' title='bbox 1244 2957 1288 3012; x_wconf 85' lang='lat' dir='ltr'>ool</span> <span class='ocrx_word' id='word_1_365' title='bbox 1301 2958 1334 3014; x_wconf 68' lang='lat' dir='ltr'>si</span> 
     </span>
     <span class='ocr_line' id='line_1_52' title="bbox 778 3025 1336 3100; baseline 0.005 -19"><span class='ocrx_word' id='word_1_366' title='bbox 778 3025 808 3097; x_wconf 81' lang='grc' dir='ltr'>μ’</span> <span class='ocrx_word' id='word_1_367' title='bbox 832 3025 937 3097; x_wconf 78' lang='grc' dir='ltr'><em>ἔπεμπε</em></span> <span class='ocrx_word' id='word_1_368' title='bbox 956 3026 1045 3100; x_wconf 76' lang='lat' dir='ltr'>pipern</span> <span class='ocrx_word' id='word_1_369' title='bbox 1064 3026 1206 3099; x_wconf 76' lang='grc' dir='ltr'>ἱππηλάτα</span> <span class='ocrx_word' id='word_1_370' title='bbox 1225 3029 1336 3099; x_wconf 73' lang='grc' dir='ltr'><strong><em>Πηλεύς</em></strong></span> 
     </span>
     <span class='ocr_line' id='line_1_53' title="bbox 776 3098 1337 3170; baseline 0.009 -18"><span class='ocrx_word' id='word_1_371' title='bbox 776 3130 809 3139; x_wconf 95' lang='grc'>-</span> <span class='ocrx_word' id='word_1_372' title='bbox 834 3098 1035 3170; x_wconf 76' lang='grc' dir='ltr'><strong><em>διδασκέμεναι</em></strong></span> <span class='ocrx_word' id='word_1_373' title='bbox 1057 3100 1125 3156; x_wconf 73' lang='grc' dir='ltr'>τάδε</span> <span class='ocrx_word' id='word_1_374' title='bbox 1148 3101 1256 3169; x_wconf 78' lang='grc' dir='ltr'><strong><em>πάντα,</em></strong></span> <span class='ocrx_word' id='word_1_375' title='bbox 1285 3101 1337 3168; x_wconf 71' lang='grc' dir='ltr'>μύ-</span> 
     </span>
    </p>
   </div>
   <div class='ocr_carea' id='block_1_8' title="bbox 776 3168 1340 4434">
    <p class='ocr_par' dir='ltr' id='par_1_14' title="bbox 776 3168 1334 3313">
     <span class='ocr_line' id='line_1_54' title="bbox 776 3168 1334 3296; baseline 0.005 -71"><span class='ocrx_word' id='word_1_376' title='bbox 776 3174 839 3296; x_wconf 62' lang='lat' dir='ltr'>lim</span> <span class='ocrx_word' id='word_1_377' title='bbox 862 3191 891 3226; x_wconf 83' lang='grc' dir='ltr'>τε</span> <span class='ocrx_word' id='word_1_378' title='bbox 911 3168 1008 3243; x_wconf 70' lang='grc' dir='ltr'><strong><em>ῥητῆρ’</em></strong></span> <span class='ocrx_word' id='word_1_379' title='bbox 1031 3169 1128 3242; x_wconf 77' lang='grc' dir='ltr'><strong><em>ἔμεναι</em></strong></span> <span class='ocrx_word' id='word_1_380' title='bbox 1145 3172 1291 3245; x_wconf 78' lang='grc' dir='ltr'><em>πρηκτῆρά</em></span> <span class='ocrx_word' id='word_1_381' title='bbox 1304 3193 1334 3228; x_wconf 78' lang='grc' dir='ltr'>τε</span> 
     </span>
     <span class='ocr_line' id='line_1_55' title="bbox 792 3262 873 3313; baseline 0 -17"><span class='ocrx_word' id='word_1_382' title='bbox 792 3262 873 3313; x_wconf 78' lang='lat' dir='ltr'>pymn.</span> 
     </span>
    </p>

    <p class='ocr_par' dir='ltr' id='par_1_15' title="bbox 777 3315 1338 3880">
     <span class='ocr_line' id='line_1_56' title="bbox 814 3315 1336 3384; baseline 0.002 -16"><span class='ocrx_word' id='word_1_383' title='bbox 814 3319 854 3369; x_wconf 81' lang='lat'>15.</span> <span class='ocrx_word' id='word_1_384' title='bbox 873 3315 911 3369; x_wconf 80' lang='lat' dir='ltr'>ad</span> <span class='ocrx_word' id='word_1_385' title='bbox 925 3316 1015 3384; x_wconf 83' lang='lat' dir='ltr'>pilam</span> <span class='ocrx_word' id='word_1_386' title='bbox 1034 3317 1097 3384; x_wconf 81' lang='lat' dir='ltr'>etc,</span> <span class='ocrx_word' id='word_1_387' title='bbox 1117 3316 1162 3372; x_wconf 89' lang='lat' dir='ltr'>die</span> <span class='ocrx_word' id='word_1_388' title='bbox 1176 3315 1336 3371; x_wconf 80' lang='lat' dir='ltr'>fiblichsten</span> 
     </span>
     <span class='ocr_line' id='line_1_57' title="bbox 777 3384 1336 3457; baseline 0 -17"><span class='ocrx_word' id='word_1_389' title='bbox 777 3384 933 3455; x_wconf 80' lang='lat' dir='ltr'>geselligen</span> <span class='ocrx_word' id='word_1_390' title='bbox 969 3384 1076 3456; x_wconf 78' lang='lat' dir='ltr'>Spiele3</span> <span class='ocrx_word' id='word_1_391' title='bbox 1113 3388 1164 3441; x_wconf 84' lang='lat' dir='ltr'>das</span> <span class='ocrx_word' id='word_1_392' title='bbox 1200 3386 1336 3457; x_wconf 89' lang='lat' dir='ltr'>Ballspiel</span> 
     </span>
     <span class='ocr_line' id='line_1_58' title="bbox 779 3455 1337 3580; baseline 0.005 -72"><span class='ocrx_word' id='word_1_393' title='bbox 779 3455 802 3524; x_wconf 91' lang='lat' dir='ltr'>(I</span> <span class='ocrx_word' id='word_1_394' title='bbox 829 3457 866 3580; x_wconf 44' lang='lat' dir='ltr'>usal)</span> <span class='ocrx_word' id='word_1_395' title='bbox 894 3457 950 3510; x_wconf 88' lang='lat' dir='ltr'>und</span> <span class='ocrx_word' id='word_1_396' title='bbox 978 3458 1028 3512; x_wconf 88' lang='lat' dir='ltr'>das</span> <span class='ocrx_word' id='word_1_397' title='bbox 1056 3458 1256 3529; x_wconf 79' lang='lat' dir='ltr'>Knbchelspiel</span> <span class='ocrx_word' id='word_1_398' title='bbox 1284 3458 1337 3512; x_wconf 91' lang='lat' dir='ltr'>mit</span> 
     </span>
     <span class='ocr_line' id='line_1_59' title="bbox 777 3527 1337 3597; baseline 0.004 -17"><span class='ocrx_word' id='word_1_399' title='bbox 777 3527 834 3580; x_wconf 77' lang='lat' dir='ltr'>Wfi</span> <span class='ocrx_word' id='word_1_400' title='bbox 862 3527 916 3595; x_wconf 90' lang='lat' dir='ltr'>eln,</span> <span class='ocrx_word' id='word_1_401' title='bbox 931 3527 977 3582; x_wconf 83' lang='lat' dir='ltr'>die</span> <span class='ocrx_word' id='word_1_402' title='bbox 992 3533 1009 3580; x_wconf 85' lang='lat'>4</span> <span class='ocrx_word' id='word_1_403' title='bbox 1024 3527 1143 3597; x_wconf 74' lang='lat' dir='ltr'>gleiche,</span> <span class='ocrx_word' id='word_1_404' title='bbox 1156 3528 1337 3584; x_wconf 83' lang='lat' dir='ltr'>bezeichnete</span> 
     </span>
     <span class='ocr_line' id='line_1_60' title="bbox 779 3597 1337 3664; baseline 0.002 -13"><span class='ocrx_word' id='word_1_405' title='bbox 779 3597 836 3651; x_wconf 82' lang='lat' dir='ltr'>und</span> <span class='ocrx_word' id='word_1_406' title='bbox 850 3603 867 3651; x_wconf 76' lang='lat'>2</span> <span class='ocrx_word' id='word_1_407' title='bbox 878 3598 973 3664; x_wconf 75' lang='lat' dir='ltr'>tunde,</span> <span class='ocrx_word' id='word_1_408' title='bbox 984 3598 1202 3654; x_wconf 83' lang='lat' dir='ltr'>unbeaeichnete</span> <span class='ocrx_word' id='word_1_409' title='bbox 1211 3600 1337 3653; x_wconf 72' lang='lat' dir='ltr'>Fltchen</span> 
     </span>
     <span class='ocr_line' id='line_1_61' title="bbox 778 3668 1338 3739; baseline 0 -17"><span class='ocrx_word' id='word_1_410' title='bbox 778 3669 879 3722; x_wconf 89' lang='lat' dir='ltr'>hatten</span> <span class='ocrx_word' id='word_1_411' title='bbox 897 3668 979 3739; x_wconf 92' lang='lat' dir='ltr'>(tali),</span> <span class='ocrx_word' id='word_1_412' title='bbox 997 3671 1055 3724; x_wconf 88' lang='lat' dir='ltr'>und</span> <span class='ocrx_word' id='word_1_413' title='bbox 1072 3671 1126 3723; x_wconf 91' lang='lat' dir='ltr'>mit</span> <span class='ocrx_word' id='word_1_414' title='bbox 1139 3668 1269 3724; x_wconf 84' lang='lat' dir='ltr'>Wiirfeln</span> <span class='ocrx_word' id='word_1_415' title='bbox 1281 3685 1338 3722; x_wconf 84' lang='lat' dir='ltr'>ron</span> 
     </span>
     <span class='ocr_line' id='line_1_62' title="bbox 780 3738 1337 3808; baseline -0.002 -14"><span class='ocrx_word' id='word_1_416' title='bbox 780 3747 795 3794; x_wconf 89' lang='lat'><strong>6</strong></span> <span class='ocrx_word' id='word_1_417' title='bbox 818 3739 959 3808; x_wconf 84' lang='lat' dir='ltr'>gleichen,</span> <span class='ocrx_word' id='word_1_418' title='bbox 987 3741 1188 3796; x_wconf 84' lang='lat' dir='ltr'>bezeichneten</span> <span class='ocrx_word' id='word_1_419' title='bbox 1212 3738 1337 3795; x_wconf 75' lang='lat' dir='ltr'>Flachen</span> 
     </span>
     <span class='ocr_line' id='line_1_63' title="bbox 779 3811 928 3880; baseline 0 -16"><span class='ocrx_word' id='word_1_420' title='bbox 779 3811 928 3880; x_wconf 83' lang='lat' dir='ltr'>(tesserae).</span> 
     </span>
    </p>

    <p class='ocr_par' dir='ltr' id='par_1_16' title="bbox 780 3881 1337 4022">
     <span class='ocr_line' id='line_1_64' title="bbox 816 3881 1337 3951; baseline 0.004 -17"><span class='ocrx_word' id='word_1_421' title='bbox 816 3886 858 3935; x_wconf 90' lang='lat'>18.</span> <span class='ocrx_word' id='word_1_422' title='bbox 877 3881 912 3936; x_wconf 87' lang='lat' dir='ltr'>ab</span> <span class='ocrx_word' id='word_1_423' title='bbox 930 3897 1022 3951; x_wconf 78' lang='lat' dir='ltr'>opere,</span> <span class='ocrx_word' id='word_1_424' title='bbox 1043 3900 1098 3937; x_wconf 87' lang='lat' dir='ltr'>von</span> <span class='ocrx_word' id='word_1_425' title='bbox 1121 3882 1197 3938; x_wconf 89' lang='lat' dir='ltr'>ihrer</span> <span class='ocrx_word' id='word_1_426' title='bbox 1215 3881 1337 3937; x_wconf 87' lang='lat' dir='ltr'>Lebens-</span> 
     </span>
     <span class='ocr_line' id='line_1_65' title="bbox 780 3953 909 4022; baseline 0 -14"><span class='ocrx_word' id='word_1_427' title='bbox 780 3953 909 4022; x_wconf 84' lang='lat' dir='ltr'>aufgabe.</span> 
     </span>
    </p>

    <p class='ocr_par' dir='ltr' id='par_1_17' title="bbox 780 4023 1340 4433">
     <span class='ocr_line' id='line_1_66' title="bbox 815 4023 1338 4093; baseline 0.002 -15"><span class='ocrx_word' id='word_1_428' title='bbox 815 4025 980 4093; x_wconf 76' lang='lat' dir='ltr'>temporebus</span> <span class='ocrx_word' id='word_1_429' title='bbox 1016 4027 1120 4080; x_wconf 76' lang='lat' dir='ltr'>escinei</span> <span class='ocrx_word' id='word_1_430' title='bbox 1156 4024 1212 4080; x_wconf 76' lang='lat' dir='ltr'>(lic.</span> <span class='ocrx_word' id='word_1_431' title='bbox 1249 4023 1338 4079; x_wconf 82' lang='lat' dir='ltr'>denkt</span> 
     </span>
     <span class='ocr_line' id='line_1_67' title="bbox 780 4095 1339 4151; baseline 0.004 -2"><span class='ocrx_word' id='word_1_432' title='bbox 780 4095 921 4150; x_wconf 86' lang='lat' dir='ltr'>natiirlich</span> <span class='ocrx_word' id='word_1_433' title='bbox 953 4096 1057 4150; x_wconf 84' lang='lat' dir='ltr'>wieder</span> <span class='ocrx_word' id='word_1_434' title='bbox 1088 4098 1160 4151; x_wconf 89' lang='lat' dir='ltr'>auch</span> <span class='ocrx_word' id='word_1_435' title='bbox 1193 4113 1230 4149; x_wconf 88' lang='lat' dir='ltr'>an</span> <span class='ocrx_word' id='word_1_436' title='bbox 1263 4095 1339 4151; x_wconf 88' lang='lat' dir='ltr'>seius</span> 
     </span>
     <span class='ocr_line' id='line_1_68' title="bbox 781 4166 1339 4237; baseline 0.004 -17"><span class='ocrx_word' id='word_1_437' title='bbox 781 4167 879 4237; x_wconf 83' lang='lat' dir='ltr'>eigans</span> <span class='ocrx_word' id='word_1_438' title='bbox 918 4167 1122 4237; x_wconf 81' lang='lat' dir='ltr'>Verbannung;</span> <span class='ocrx_word' id='word_1_439' title='bbox 1157 4166 1207 4222; x_wconf 89' lang='lat' dir='ltr'>das</span> <span class='ocrx_word' id='word_1_440' title='bbox 1238 4167 1339 4222; x_wconf 87' lang='lat' dir='ltr'>vorlie-</span> 
     </span>
     <span class='ocr_line' id='line_1_69' title="bbox 780 4236 1339 4306; baseline 0.005 -14"><span class='ocrx_word' id='word_1_441' title='bbox 780 4238 872 4304; x_wconf 82' lang='lat' dir='ltr'>gende</span> <span class='ocrx_word' id='word_1_442' title='bbox 890 4236 978 4293; x_wconf 81' lang='lat' dir='ltr'>Werlr</span> <span class='ocrx_word' id='word_1_443' title='bbox 1000 4237 1039 4292; x_wconf 89' lang='lat' dir='ltr'>ist</span> <span class='ocrx_word' id='word_1_444' title='bbox 1056 4237 1090 4306; x_wconf 84' lang='lat' dir='ltr'>ja</span> <span class='ocrx_word' id='word_1_445' title='bbox 1113 4238 1166 4292; x_wconf 85' lang='lat' dir='ltr'>wie</span> <span class='ocrx_word' id='word_1_446' title='bbox 1188 4237 1244 4293; x_wconf 92' lang='lat' dir='ltr'>alle</span> <span class='ocrx_word' id='word_1_447' title='bbox 1262 4237 1339 4295; x_wconf 88' lang='lat' dir='ltr'>seina</span> 
     </span>
     <span class='ocr_line' id='line_1_70' title="bbox 781 4306 1340 4433; baseline 0.007 -72"><span class='ocrx_word' id='word_1_448' title='bbox 781 4306 921 4433; x_wconf 56' lang='grc' dir='ltr'>ἓαὶιτὲῐῐθὲ</span> <span class='ocrx_word' id='word_1_449' title='bbox 940 4307 1078 4364; x_wconf 86' lang='lat' dir='ltr'>ebenfalls</span> <span class='ocrx_word' id='word_1_450' title='bbox 1097 4308 1142 4363; x_wconf 92' lang='lat' dir='ltr'>ein</span> <span class='ocrx_word' id='word_1_451' title='bbox 1156 4307 1279 4380; x_wconf 87' lang='lat' dir='ltr'>Beispiel</span> <span class='ocrx_word' id='word_1_452' title='bbox 1296 4312 1340 4366; x_wconf 79' lang='lat' dir='ltr'>fur</span> 
     </span>
    </p>

    <p class='ocr_par' dir='ltr' id='par_1_18' title="bbox 800 4393 943 4434">
     <span class='ocr_line' id='line_1_71' title="bbox 800 4393 943 4434; baseline 0.021 -3"><span class='ocrx_word' id='word_1_453' title='bbox 800 4393 827 4432; x_wconf 85' lang='lat' dir='ltr'>re</span> <span class='ocrx_word' id='word_1_454' title='bbox 866 4394 899 4433; x_wconf 88' lang='lat' dir='ltr'>ac</span> <span class='ocrx_word' id='word_1_455' title='bbox 920 4397 943 4434; x_wconf 88' lang='lat' dir='ltr'>e.</span> 
     </span>
    </p>
   </div>
   <div class='ocr_carea' id='block_1_9' title="bbox 0 0 1444 4778">
    <p class='ocr_par' dir='ltr' id='par_1_19' title="bbox 0 0 1444 4778">
     <span class='ocr_line' id='line_1_72' title="bbox 0 0 1444 4778; baseline 0 0"><span class='ocrx_word' id='word_1_456' title='bbox 0 0 1444 4778; x_wconf 95' lang='lat' dir='ltr'> </span> 
     </span>
    </p>
   </div>
  </div>
 </body>
</html>
