2842 4778
144 225 212 289 446
523 223 572 277 ns
592 222 766 278 carrona
783 223 824 276 111
841 230 889 292 as,
908 239 954 278 102.

143 389 281 453 nimium
313 407 410 470 saepe
438 385 527 450 nolo.
573 384 777 468 Quamquam
804 387 862 449 illa
889 387 962 468 ipsa
985 387 1191 451 exclamatio:
1220 384 1325 452 ‘Non

144 481 278 560 potest
301 473 455 538 melius'
481 474 525 538 sit
543 475 640 537 velim
659 473 784 558 crebra3
809 475 863 538 sed
882 474 1003 538 habeat
1020 479 1131 539 tamen
1148 476 1206 539 illa
1223 475 1259 539 in
1276 476 1323 539 di·

145 564 247 629 cendo
271 563 446 627 admiratio
471 583 508 626 ac
532 584 658 626 summa
676 563 748 626 laus
767 563 917 627 umbram
936 562 1078 647 aliquam
1099 567 1131 628 et
1148 585 1351 645 recessum

144 675 208 738 quo
237 652 343 735 magis
370 652 417 731 id,
446 651 533 734 quod
562 651 623 714 erit
645 651 880 732 illuminatum,
908 657 1036 717 exstare
1060 656 1157 737 atque
1181 653 1324 717 eminere

93 756 142 805 102
153 740 309 806 videatur.
354 739 541 822 Numquam
566 740 635 823 agit
657 739 744 804 hunc
763 762 894 804 versum
912 739 1050 804 Roscius
1069 762 1108 805 eo
1128 744 1233 825 gestu,
1257 763 1322 824 quo

167 832 265 894 otest:

143 852 164 913 p
234 916 322 982 Nsm
333 917 462 1000 sapiens
470 916 584 980 virtuti
594 915 752 980 honorem
761 916 953 1000 prae‘mium,
966 917 1053 981 haud
1063 917 1217 1001 praedam
1225 917 1325 1003 petit3
1338 937 1351 976 ι

144 1008 200 1072 sed
224 1007 326 1072 abicit
348 1026 492 1090 prorsus,
515 1004 608 1068 utin
631 1004 794 1086 proximo:
1337 1027 1352 1066 s

306 1092 363 1159 Sdt
386 1093 462 1178 quid
485 1092 603 1157 uideo?
626 1093 714 1157 ferro
738 1096 868 1177 saeptus
891 1094 1038 1178 possidet
1061 1095 1153 1158 sedes
1178 1115 1299 1178 sacras,
1336 1115 1349 1154 s

141 1185 277 1267 incidat,
302 1182 453 1267 aspiciat,
476 1182 667 1263 admiretur,
691 1185 865 1265 stupescat.
911 1182 1008 1266 Quid,
1029 1182 1085 1246 ille
1109 1183 1206 1246 alter:
1334 1204 1363 1242 ιο

303 1269 388 1347 Quid
410 1274 521 1355 petam
545 1270 712 1352 praesidi?
1188 1326 1199 1343 ,
1336 1293 1362 1332 ιι

142 1384 240 1445 quam
263 1360 394 1440 leniter,
423 1381 521 1443 quam
544 1359 692 1441 remisse,
720 1380 818 1442 quam
840 1380 905 1424 non
930 1361 1076 1424 actuose!
1105 1361 1209 1425 instat
1232 1361 1319 1424 enim
1336 1381 1363 1420 ιι

301 1447 460 1531 Opiter,
484 1469 503 1511 ο
526 1446 647 1531 patria,
672 1469 691 1512 o
715 1445 839 1511 Priami
862 1448 990 1511 domus!
1333 1469 1362 1508 rs

139 1538 174 1601 in
198 1558 262 1621 quo
285 1539 381 1600 tanta
401 1535 598 1599 commoveri
622 1536 707 1600 aetio
730 1557 797 1601 non
820 1540 941 1620 posset,
964 1536 992 1599 si
1016 1538 1102 1600 esset
1124 1539 1364 1620 consumptam

140 1627 306 1710 superiore
329 1627 422 1688 motu
446 1627 479 1688 ct
502 1624 669 1689 exhausta.
710 1622 825 1708 Neque
848 1625 881 1688 id
906 1628 1031 1688 actores
1055 1625 1146 1708 prius
1165 1625 1318 1690 viderunt
1334 1643 1364 1684 rs

139 1834 183 1889 vis
208 1836 311 1890 multos
335 1832 501 1887 nominatim
524 1833 649 1900 proferre
670 1858 704 1876 =
796 1838 836 1886 10.
852 1833 969 1899 ineidat,
983 1832 1036 1886 mit
1045 1832 1116 1886 aller
1125 1832 1209 1888 Kraft
1217 1834 1324 1890 darauf

139 1905 264 1975 belicbig
273 1904 361 1971 viele;
373 1904 411 1959 ib.
420 1919 447 1958 ιι
455 1906 554 1972 posset
562 1918 596 1955 ea
604 1919 702 1970 quam·
758 1905 858 1971 sturae,
878 1902 904 1955 d.
921 1903 949 1958 h.
968 1920 1016 1956 um
1034 1905 1111 1957 seins
1129 1920 1217 1973 ganzo
1235 1905 1322 1960 Kraft

138 1977 181 2030 vis
193 1976 242 2030 diu
251 1976 358 2044 dicere3
369 1990 421 2029 aa.
429 1972 542 2027 Schultz
553 1977 627 2038 §359
636 1972 669 2028 A.
678 1979 701 2027 1.
756 1973 803 2028 ffir
816 1973 863 2028 dic
877 1973 1031 2044 cigentlich
1044 1974 1221 2043 pathetische
1230 1975 1319 2030 Stella

176 2053 202 2101 3.
218 2047 344 2100 umbram
357 2051 383 2100 et
395 2061 537 2110 recessum,
547 2075 583 2083 -
592 2044 646 2098 wie
656 2043 703 2097 bei
757 2062 791 2098 zu
805 2062 906 2113 sparen
921 2046 978 2099 und
993 2043 1068 2098 daun
1082 2046 1119 2099 da
1133 2045 1203 2100 alles
1212 2045 1318 2102 Pathos

140 2117 232 2172 einem
251 2115 393 2182 Gem'aldc,
414 2113 510 2180 Quint.
529 2114 613 2182 1117,
632 2130 658 2168 er
673 2115 703 2168 et
757 2134 790 2169 au
808 2116 1030 2169 honaentriercn.

141 2188 240 2256 pictor,
260 2205 323 2242 cum
343 2186 458 2241 viantis
473 2202 540 2238 suae
555 2184 650 2252 eflicit,
670 2188 702 2238 ut
792 2188 912 2256 aspiciat
930 2218 965 2226 -
982 2186 1180 2254 unverwandt‚
1206 2203 1237 2243 so
1261 2185 1321 2242 dass

141 2259 280 2328 quaedam
305 2259 428 2312 eminere
446 2257 475 2310 in
495 2272 593 2326 opere,
618 2271 705 2323 qnae·
758 2256 818 2310 sich
841 2259 930 2311 sehon
951 2257 991 2311 im
1015 2255 1097 2310 Blick
1121 2258 1171 2312 das
1195 2258 1320 2313 Staunsn

140 2333 207 2384 darn
230 2330 378 2385 recessisse
401 2329 560 2393 credamus,
583 2327 645 2394 ipse
670 2342 706 2382 ea
757 2328 827 2380 tiber
853 2327 905 2380 das
923 2327 1093 2396 Unerhorte,
1117 2345 1175 2383 was
1201 2330 1239 2383 da
1256 2347 1321 2385 vor·

160 2400 228 2456 lana
243 2417 302 2457 esse
316 2399 481 2455 nonnescit.
501 2396 637 2451 Sohatten
646 2399 704 2451 und
757 2399 839 2468 geht,
859 2398 1026 2468 ausspricht.
1106 2456 1121 2470 υ

140 2419 345 2541 fiintergrund.
377 2469 488 2524 Ebenso
510 2467 572 2522 sind
591 2467 637 2521 die
651 2469 703 2522 fol·
792 2469 840 2523 ille
858 2471 941 2537 ulter,
960 2469 1084 2524 ntimlich
1101 2469 1221 2539 Asopos.

140 2544 251 2611 gendsn
296 2541 460 2595 Ausdruche
503 2537 703 2606 illuminatum,
794 2540 1035 2610 rapuissem
1054 2543 1116 2608 etc,
1137 2556 1185 2596 iss.
1205 2557 1254 2610 arr,
1274 2543 1321 2598 ein

140 2615 264 2678 exstare,
301 2612 424 2666 eminere
460 2627 517 2665 von
549 2609 704 2665 Gemdlden
759 2626 815 2665 von
830 2610 886 2666 Oia.
901 2613 1047 2666 mehrfach
1062 2613 1243 2680 angefiihrtes
1256 2612 1321 2668 Bei-

139 2683 367 2752 hergenommen.
401 2681 552 2736 admiratio
570 2682 628 2734 und
643 2683 703 2735 laus
757 2681 831 2751 spiel
849 2684 942 2752 (Tusc.
957 2683 996 2737 ΙΙΙ
1015 2684 1053 2751 ιι)
1073 2701 1123 2737 sus
1142 2684 1192 2737 der
1210 2683 1321 2739 Andro-

139 2753 208 2808 aber
228 2754 290 2807 sind
308 2752 388 2806 nicht
406 2769 442 2806 an
461 2753 524 2806 dem
540 2753 703 2807 bewunder·
757 2754 860 2807 macha
877 2753 1071 2809 Aechmalctis
1090 2754 1140 2808 des
1157 2755 1278 2823 Ennius,
1298 2773 1319 2811 s.

139 2824 189 2878 ten
208 2824 313 2895 Objeht
331 2825 384 2878 wie
403 2823 449 2878 die
468 2823 583 2889 lumina,
602 2825 703 2878 umbra
756 2823 814 2879 ind.
832 2823 1038 2881 Andromacha.

139 2896 197 2948 und
219 2910 359 2962 recessus,
384 2896 503 2950 sondsrn
522 2895 551 2948 in
571 2895 634 2948 dem
653 2896 703 2949 he-
794 2900 836 2950 12.
855 2912 913 2950 mom
931 2901 1048 2961 actuose,
1066 2895 1139 2950 ohne
1157 2895 1256 2966 irgend
1270 2914 1320 2967 ge·

140 2966 329 3021 wandernden
354 2964 482 3036 Subjekt.
519 2967 557 3019 Es
580 2965 619 3019 ist
642 2966 701 3020 also
757 2967 889 3035 steigerte
917 2967 1102 3035 Anwendung
1129 2966 1179 3021 der
1207 2968 1321 3023 drama·

139 3036 202 3091 eine
218 3035 448 3106 Ungenauigkeit
466 3036 516 3090 des
529 3035 701 3103 Ausdruehs,
756 3035 1133 3106 tisohenMittelinVcrtrcg
1140 3037 1319 3095 undGcstus.

142 3125 226 3162 wenn
244 3125 300 3162 von
319 3108 369 3160 der
389 3107 541 3160 admiratio
560 3105 619 3160 und
632 3106 704 3174 laus,
758 3103 804 3160 Or.
823 3122 871 3162 ιιι.

138 3179 247 3233 welche
271 3177 359 3232 durch
384 3177 485 3230 umbra
502 3177 559 3230 und
578 3191 704 3232 recessus
796 3181 838 3231 13.
855 3177 878 3230 0
888 3183 980 3247 puter,
997 3193 1037 3233 ιιι
1051 3180 1104 3232 etc.
1131 3180 1213 3235 Tusc.
1227 3181 1269 3234 III
1281 3197 1320 3251 ιι,

140 3247 202 3304 eine
212 3246 704 3319 gewisseUnterbrechungerleidet,
758 3266 780 3304 s.
798 3248 858 3302 ind.
877 3248 1080 3305 Andromacha.

141 3324 244 3390 gesagt
259 3319 338 3386 wird,
352 3319 392 3374 sie
406 3317 705 3372 habenselbstumbra
796 3323 838 3371 14.
858 3322 1016 3374 commoveri
1034 3321 1120 3388 aetio,
1139 3320 1201 3376 eins
1220 3338 1250 3377 ιο
1269 3323 1319 3378 bc-

137 3392 194 3445 und
213 3408 347 3446 recessus.
756 3390 897 3444 deutende
921 3390 1111 3445 dramatische
1133 3390 1216 3446 Kraft
1237 3393 1320 3449 nicht

175 3468 199 3518 7.
223 3463 301 3516 Nam
319 3462 374 3515 etc.
410 3457 543 3514 Welcher
562 3459 702 3528 Tragodic
756 3461 786 3514 in
800 3460 963 3530 Bewegung
977 3463 1086 3531 gesetzt
1094 3464 1212 3517 werden.
1234 3465 1318 3520 Orsa

135 3532 229 3588 dieser
256 3533 421 3587 tetrameter
438 3531 529 3584 troch.
548 3530 632 3584 catal.
651 3545 700 3584 an·
754 3531 908 3656 primisque
932 3534 968 3587 ab
991 3533 1034 3587 his
1057 3533 1107 3602 (sc.
1125 3533 1268 3589 Herodoto
1288 3539 1319 3591 et

157 3603 264 3672 chorte,
277 3600 342 3658 laus
356 3602 417 3657 sich
430 3601 511 3656 nicht
524 3601 700 3656 bestimman.
779 3603 930 3673 hucydide)
941 3603 1102 3659 —historia
1114 3609 1256 3661 commota
1264 3609 1319 3675 est,

136 3622 266 3729 isibbeck
284 3677 357 3744 trag.
376 3673 426 3729 lat.
444 3672 494 3728 rel.
514 3690 542 3741 p.
561 3678 622 3725 203.
754 3677 787 3728 ut
803 3675 919 3730 auderet
931 3674 1045 3730 uberius
1059 3692 1144 3744 quam
1159 3677 1318 3746 superiores

173 3752 198 3800 8.
213 3747 347 3801 abicit-
360 3743 438 3798 uirft
456 3743 507 3797 ihn
525 3759 577 3796 nur
595 3741 700 3810 schin,
755 3747 785 3799 et
803 3746 929 3801 ornatius
947 3745 1047 3801 dicere.

134 3814 700 3943 iusi*sliuussssums
753 3822 1007 3943 sessui
1034 3818 1181 3886 “llll
1213 3817 1318 3890 *³¹⁵⁸

244 3931 251 3956 ι
302 3927 308 3940 ·
935 3927 944 3954 r
1003 3929 1009 3942 ·

136 3961 252 4029 propter
270 3957 485 4013 similitudinem
504 3954 640 4011 sermonis
660 3956 699 4010 sic
791 3962 834 4012 15.
853 3964 966 4025 actores,
986 3957 1047 4012 Div.
1066 3957 1097 4011 in
1115 3955 1218 4015 ancil.
1237 3975 1264 4015 ss
1282 3964 1317 4016 ut

137 4045 221 4100 saepe
236 4032 303 4084 sunt
316 4029 424 4094 abiecti,
442 4032 475 4083 ut
488 4042 700 4094 nonnumquam
754 4027 784 4081 in
803 4028 946 4082 actoribus
965 4025 1079 4082 Graecis
1097 4029 1157 4083 fieri
1176 4030 1315 4100 videmus,

135 4102 184 4153 vix
203 4101 233 4154 in
252 4101 293 4155 eis
310 4115 443 4155 numerus
462 4101 491 4153 st
506 4113 604 4154 versus
617 4097 698 4152 intel·
754 4113 838 4166 saepe
851 4097 942 4166 illum,
956 4097 1006 4166 qui
1019 4099 1319 4157 estsecundarumaut

135 4170 195 4239 legi
211 4171 313 4239 possit.
352 4171 415 4241 Vgl.
435 4185 483 4225 roc.
755 4167 904 4223 tertiarum
921 4169 1054 4238 partium,
1073 4186 1136 4224 cum
1155 4173 1245 4242 possit
1262 4173 1315 4229 ali·

171 4247 196 4296 9.
210 4245 285 4307 t'erro
298 4247 419 4312 saeptus,
431 4241 484 4295 mit
498 4239 698 4307 Bewaffnsten,
753 4242 859 4308 quanto
888 4238 991 4293 clarius
1018 4239 1111 4295 diacre
1139 4259 1224 4310 quam
1252 4243 1316 4314 ipss

135 4311 181 4364 die
200 4328 237 4365 an
255 4311 302 4368 die
320 4313 426 4384 heiliga
445 4314 538 4368 Statte
556 4311 637 4365 nicht
650 4327 697 4380 ge·
753 4309 921 4380 primarum,
943 4310 1064 4365 multum
1081 4315 1257 4382 summittere,
1282 4319 1317 4372 ut

134 4381 231 4437 heren.
752 4381 802 4436 ille
816 4381 946 4453 princeps
960 4398 1044 4450 quam
1052 4382 1173 4439 maxims
1184 4386 1315 4444 excellat
