2842 4778
499 231 748 296 naxitanum
767 237 920 296 INDICES.

116 400 678 472 Saturninumpriratooonsilioermaret

116 472 679 531 Derhohellrnstunddieunerschiitter·

115 547 190 601 liche
209 543 368 614 Festigkeit
387 543 480 598 seines
499 541 677 611 Charakters,

115 619 205 672 durch
224 616 270 671 die
290 630 320 669 er
339 616 413 670 hoeh
430 615 501 668 iiber
514 613 592 668 seine
606 613 679 668 Zeit

115 703 255 758 genossen
279 685 475 754 herrorragte,
499 687 600 754 pragte
619 683 679 740 sich

117 761 191 814 auch
209 757 240 812 in
255 757 346 811 seiner
359 757 437 811 Rede
451 772 515 810 ans:
535 755 567 808 In
582 755 679 810 Scauri

119 829 258 895 oratione,
273 826 407 897 sapientis
420 826 543 882 hominis
558 829 587 880 et
600 827 680 894 recti,

118 899 246 970 gravitas
265 915 374 953 summa
392 898 422 951 et
439 897 578 952 naturalis
597 913 680 966 quae·

119 975 186 1027 dam
203 970 296 1025 inerat
315 969 476 1037 auctoritas,
495 984 552 1023 non
569 971 602 1022 ut
618 985 680 1024 cau-

119 1059 193 1110 sam,
226 1041 275 1096 sed
305 1043 338 1095 ut
364 1039 559 1094 testimonium
588 1039 680 1094 dicere

140 1117 243 1179 uteres,
262 1128 326 1166 eum
340 1127 392 1180 pro
406 1127 455 1166 reo
470 1111 585 1165 diceret.
614 1109 681 1164 Scin

150 1183 319 1240 itbewerber
355 1199 417 1236 ums
448 1181 588 1235 Konsulat
623 1197 682 1235 war

120 1255 149 1311 P.
167 1254 290 1309 Rutilius
305 1253 395 1307 Rufus
410 1254 443 1321 (s.
456 1252 513 1308 ind.
529 1269 550 1306 s.
565 1253 612 1320 u),
632 1252 683 1305 der

118 1327 187 1380 aber
212 1325 332 1380 dietmal
359 1322 506 1376 durchfiel:
535 1322 613 1377 Brut
642 1338 681 1377 rra

120 1415 184 1452 cum
217 1412 274 1451 una
301 1393 480 1448 consulatum
507 1394 681 1463 petivissent,

120 1468 232 1524 nonille
243 1467 344 1532 solum,
355 1464 403 1533 qui
413 1465 556 1534 repulsam
566 1465 681 1533 tulerat,

119 1539 265 1594 accusavit
279 1536 403 1591 ambitus
418 1536 597 1606 designatum
607 1551 682 1589 com·

120 1609 285 1680 petitorem,
309 1609 360 1661 sed
382 1606 507 1662 Scaurus
529 1608 612 1661 etiam
634 1607 682 1661 ab·

117 1683 224 1737 solutus
232 1679 372 1734 Rutilium
382 1680 414 1732 ιἰι
422 1679 558 1733 iudicium
566 1678 681 1734 vocavit.

120 1752 200 1806 Beim
227 1750 359 1805 Processu
393 1749 442 1803 des
470 1748 499 1804 (l.
528 1748 679 1803 Norbanus

121 1823 207 1892 (Einl.
222 1821 264 1886 I§
281 1827 322 1901 il,
342 1824 392 1888 ιιι)
410 1820 469 1874 trat
487 1837 517 1874 er
535 1820 578 1873 als
591 1820 683 1889 Zeuge

119 1890 624 2042 Ξθῖιῗθθῗιιιᾟιξίῗιῖιθῆἓξιιιξᾶῖῗέιῗ
641 1894 685 2015 iit

125 2052 156 2089 er
173 2034 213 2087 im
227 2032 253 2086 J.
268 2037 302 2086 92
322 2034 376 2085 mit
393 2033 487 2086 rielen
505 2033 611 2086 andern
628 2046 684 2086 von

124 2105 155 2170 Q.
165 2102 269 2158 Varius
284 2101 440 2172 angeklagt
454 2103 557 2157 wurde.
577 2102 686 2172 (llinil

123 2181 138 2241 ξ
155 2177 274 2243 11,130.)
303 2173 431 2240 Scaurus,
451 2172 581 2227 wiewohl
598 2173 686 2228 sehon

124 2253 156 2301 72
172 2247 197 2301 J.
217 2246 259 2300 alt
276 2245 335 2300 und
354 2245 419 2299 sehr
431 2245 554 2313 leidend,
573 2246 685 2299 innixus

121 2316 304 2372 nobilissimis
326 2316 475 2372 iuvenibus
500 2315 638 2385 processit
656 2317 685 2370 in

122 2392 224 2456 forum,
243 2388 344 2442 deinde
364 2391 481 2456 accepto
496 2387 686 2456 respondendi

122 2459 186 2514 loco
214 2460 301 2512 dixit:
336 2457 381 2521 ‘Q
413 2457 516 2512 Varius
542 2459 686 2526 Hispanus

123 2528 302 2584 M.Scaurum
311 2527 467 2597 prinoipem
475 2531 589 2584 senatus
597 2530 687 2583 socios

124 2603 154 2653 in
169 2614 249 2652 arma
262 2597 304 2651 ait
319 2614 494 2653 convocasse.
518 2599 554 2652 M.
566 2599 686 2653 Scaurus

124 2669 254 2740 princeps
268 2670 382 2722 senatus
396 2671 496 2750 negat3
511 2668 594 2723 testis
606 2684 687 2725 nemo

109 2742 180 2812 ,estr
215 2739 270 2794 utri
297 2756 359 2806 vos,
392 2739 526 2807 Quirites,
555 2741 687 2794 convenit

125 2811 268 2867 crederei’
312 2809 373 2876 Qua
399 2826 469 2864 voce
497 2811 539 2863 ita
561 2810 687 2864 omnium

121 2881 312 2939 commutarit
323 2881 432 2935 animos
441 2882 475 2934 ut
483 2881 519 2936 ab
529 2881 590 2951 ipso
601 2881 687 2935 etiam

124 2954 239 3008 tribuno
272 2951 472 3007 dimitteretur.
501 2983 534 2993 -
564 2953 686 3006 Scaurus

124 3027 205 3080 hatte
229 3025 290 3080 sich
309 3025 441 3092 libripens
461 3025 539 3077 seine
558 3022 688 3093 Stellung

123 3098 207 3150 untes
215 3094 424 3164 denguptern
433 3096 482 3150 der
490 3093 688 3151 Aristokraten

125 3170 185 3220 erst
225 3165 323 3222 sellbst
364 3167 528 3236 erkbmplen
564 3171 686 3220 miissen.

128 3236 687 3307 ‘Namnequepater,nequeavusneque

124 3308 213 3361 etiam
230 3325 351 3376 proavus
369 3312 485 3377 propter
502 3313 601 3363 tenues
619 3325 687 3378 opes

128 3379 248 3433 honores
262 3379 359 3452 adepti
373 3383 446 3434 sunt
474 3379 572 3448 Itaque
584 3379 687 3435 Scauro

122 3465 208 3520 aeque
230 3466 264 3505 ac
285 3466 355 3506 noco
377 3451 482 3504 homiui
504 3452 688 3505 adoraudum

123 3523 182 3588 fuit
201 3516 244 3590 (εἰι
262 3522 400 3575 ταπεινοῦ
420 3521 484 3591 βίου
503 3519 551 3573 καὶ
570 3539 687 3574 ταπει-

126 3591 270 3659 νοτέρου
285 3588 408 3659 γένους
419 3586 689 3659 καινὸςᾶιιθρω-

124 3683 188 3724 ,orec
211 3658 312 3728 ἀρθεὶς
330 3655 387 3713 ὑπὸ
406 3661 456 3728 τῆς
473 3658 568 3729 τύχης)
588 3663 688 3716 Asson.

127 3735 164 3786 ad
192 3730 287 3786 Scaur.
310 3747 337 3799 p.
363 3733 422 3784 135.
463 3729 501 3784 Er
529 3727 616 3785 besass
644 3731 690 3786 ein

126 3802 260 3871 Landgut
276 3801 306 3855 in
326 3801 376 3854 der
395 3801 476 3855 the
494 3817 549 3855 von
563 3801 687 3856 Crassus’

128 3873 323 3927 Tuskulanum
341 3871 355 3924 Ι
373 3885 421 3925 ιιι.

164 3944 204 3999 ll.
230 3941 332 4012 Scipio
355 3942 574 4010 Maluginensis
596 3943 623 3996 li
641 3959 689 4015 ooo,

124 4036 148 4072 s.
168 4015 298 4070 Cornelii.

165 4087 267 4156 Scipio
288 4085 404 4155 Serapio
423 4104 445 4140 s.
465 4083 594 4141 Cornelii.

166 4159 269 4227 Scipio
287 4160 414 4227 praetor
431 4157 458 4211 il
476 4173 524 4226 sao,
544 4159 622 4213 sonet
640 4174 690 4211 un·

128 4230 263 4285 bekannt.

166 4300 321 4368 Scipiones
341 4298 381 4352 llI
401 4314 436 4368 so,
455 4318 476 4355 s.
495 4299 626 4356 Cornelii.

164 4370 278 4438 Scopas
292 4371 317 4424 lI
331 4385 371 4425 eos
385 4371 462 4425 einer
476 4371 525 4424 der
536 4370 691 4440 Scopaden,

1232 236 1298 302 585

734 400 811 455 eines
853 398 1058 454 thessalischen
1098 398 1293 466 Dynastenge-

733 471 874 526 sohlechts
888 470 918 524 in
927 471 1062 525 Krannon
1074 487 1123 524 um
1137 475 1189 526 eoo
1199 487 1224 524 v.
1235 467 1295 538 Oh,

734 559 755 597 s.
774 540 941 596 Simonides.

769 611 803 669 il.
824 612 1001 670 Scribonius
1021 610 1113 667 Curio
1131 630 1151 666 s.
1172 611 1263 667 eurio.

770 685 803 739 h.
823 683 1001 740 Scribonius
1020 683 1095 738 Libo
1114 683 1188 739 Ιιιι.
1216 683 1243 737 ll
1256 697 1296 738 ree
1378 739 1381 748 ,

733 754 919 810 Volkstribun
945 756 985 806 im
1003 754 1029 808 J.
1049 759 1100 808 149
1124 753 1204 821 (oder
1224 755 1295 824 lec).

734 825 794 881 Lir.
814 825 882 895 epit.
899 824 988 878 XLIX
1003 824 1072 878 Cum
1087 823 1163 879 enim
1177 825 1208 878 h.
1225 825 1296 880 Scri·

733 896 837 951 bonius
850 895 915 951 trib.
930 894 969 963 pl.
984 895 1161 962 rogationem
1173 895 1297 964 promul·

734 968 843 1037 passui,
867 970 901 1021 ut
923 966 1066 1033 Lusitani,
1092 966 1141 1034 qui
1163 966 1193 1021 in
1212 966 1298 1021 fidem

734 1057 763 1109 p.
772 1038 805 1092 R.
820 1037 910 1092 dediti
924 1053 942 1091 a
957 1037 1015 1091 Ser.
1030 1035 1122 1091 Galba
1135 1036 1166 1091 in
1175 1036 1298 1092 Galliam

735 1109 892 1175 venissent,
919 1108 951 1162 in
978 1108 1140 1163 libertatem
1166 1109 1300 1163 restituc-

734 1182 846 1247 rentnr,
875 1178 912 1236 Μ.
941 1176 1011 1234 cato
1043 1181 1173 1234 aarum
1201 1180 1297 1234 suasit

736 1253 768 1318 Q.
788 1249 907 1307 Ilnlrius
931 1248 1063 1305 Nobilior
1085 1253 1117 1318 (s.
1140 1250 1198 1304 ind.
1218 1266 1240 1304 s.
1258 1253 1299 1321 v.)

735 1325 762 1378 ei
781 1339 864 1393 saepe
882 1323 919 1377 ab
938 1336 972 1376 eo
990 1320 1021 1375 in
1035 1323 1134 1376 senatu
1148 1321 1298 1389 laceratus,

735 1393 949 1519 arrectus
965 1391 1166 1519 iliadis
1185 1408 1297 1520 ratu

833 1506 840 1532 i
1291 1504 1299 1530 5

736 1535 903 1686 {tillidi
921 1535 1300 1673 illiberabilis&

736 1677 778 1732 ita
796 1674 996 1750 miserabiliter
1009 1693 1060 1745 pro
1076 1692 1105 1730 se
1119 1675 1230 1731 locutus
1245 1677 1296 1743 est,

737 1751 769 1802 ut
791 1747 903 1816 rogatio
927 1747 1130 1815 antiquaretur.
1167 1746 1245 1801 Brut.
1265 1763 1299 1802 aa.

773 1817 930 1874 duodecim
955 1816 1081 1886 scriptis
1105 1817 1212 1872 ludere
1230 1816 1243 1870 Ι
1261 1833 1301 1872 ιιι

738 1921 773 1932 -
787 1892 832 1944 ein
847 1889 934 1959 Spiel,
953 1889 1003 1942 das
1018 1903 1147 1942 anserem
1161 1887 1297 1956 Triatrus,

737 1961 808 2018 bzw.
819 1961 902 2015 Dam·
912 1960 970 2014 und
981 1959 1171 2030 Schachspiel,
1186 1959 1302 2016 thulieh

737 2050 804 2090 war.
850 2030 907 2088 Der
932 2033 1036 2087 abacus
1064 2031 1122 2101 (die
1146 2030 1302 2101 Spieltafel‚
1362 2090 1365 2093 ,

739 2103 789 2159 das
804 2102 971 2174 Spielbrett)
985 2120 1044 2157 war
1057 2102 1109 2157 aul
1118 2103 1198 2172 jeder
1211 2104 1303 2157 seiner

738 2174 843 2230 beiden
856 2174 1027 2244 Lengseiten
1045 2173 1075 2227 in
1088 2191 1162 2243 gana
1177 2173 1303 2242 gleicher

738 2244 835 2301 Weise
864 2244 953 2299 durch
980 2243 1094 2311 Linien,
1123 2244 1169 2298 die
1195 2244 1227 2297 in
1254 2245 1303 2299 be-

740 2317 886 2371 stimmten
929 2314 1191 2368 Zwischenr‘aumen
1237 2331 1304 2370 rom

740 2387 820 2441 Rand
840 2386 912 2440 nach
932 2385 982 2439 der
996 2385 1078 2438 Mitte
1092 2400 1217 2453 gerogen
1231 2401 1301 2438 wur-

741 2459 796 2512 den
823 2458 889 2526 (ron
917 2457 966 2510 der
988 2455 1105 2508 rechten
1127 2473 1176 2509 zur
1198 2455 1303 2522 linken,

741 2528 794 2583 wie
813 2544 869 2582 von
887 2529 937 2582 der
950 2525 1049 2579 linken
1063 2543 1112 2579 aur
1125 2526 1253 2596 rechten)
1268 2555 1303 2566 —

742 2596 894 2668 rojedoch‚
909 2594 967 2652 dall
980 2597 1024 2650 die
1034 2595 1135 2651 Linien
1144 2595 1224 2651 nicht
1234 2614 1305 2667 gana

741 2665 1020 2734 zusammenstiellen‚
1036 2667 1157 2722 sondern
1171 2669 1244 2723 noch
1258 2668 1305 2723 ein

742 2740 968 2795 Zwischenraum
991 2739 1068 2793 blieb
1088 2769 1131 2806 -,
1154 2755 1210 2793 ron
1233 2739 1306 2794 oben

739 2813 814 2865 nach
827 2815 915 2865 unten
923 2809 953 2863 in
963 2809 1092 2863 zweimal
1101 2809 1184 2864 seohs
1194 2810 1303 2878 Felder,

742 2882 803 2937 also
820 2882 850 2935 in
869 2880 956 2936 zwdlf
970 2879 1160 2949 Abteilungen
1178 2879 1304 2948 nerfallt3

741 2952 830 3007 daher
844 2953 894 3006 der
908 2951 998 3006 Name
1016 2951 1176 3021 (duodecim
1192 2949 1305 3020 scriptis

740 3019 822 3078 heiilt
851 3025 911 3078 also
935 3022 1016 3077 nicht
1038 3022 1112 3077 etwa
1137 3021 1201 3076 ‘mit
1223 3020 1308 3077 zwtli

741 3094 922 3149 verschieden
951 3093 1149 3149 bezeichneten
1178 3092 1305 3162 Steinen,

743 3166 794 3221 wie
824 3184 888 3221 man
915 3164 1074 3219 irrtrimlich
1103 3181 1307 3235 angencmmen

741 3238 801 3305 hat,
820 3239 941 3292 eundern
959 3237 1012 3292 mit
1029 3235 1095 3291 dem
1113 3235 1304 3291 Zwolffelder-

742 3309 851 3378 brett’).
883 3307 936 3364 Die
951 3308 1019 3363 zuei
1034 3307 1212 3362 Seehsfelder
1221 3305 1304 3377 jeder

742 3381 818 3436 Seite
836 3397 930 3436 waren
949 3379 1054 3434 wieder
1068 3380 1156 3434 durch
1171 3378 1240 3433 zuei
1254 3395 1302 3446 ge-

741 3451 858 3506 kreuzte
885 3450 985 3505 Linien
1013 3467 1068 3505 von
1096 3450 1229 3505 einander
1256 3465 1307 3518 ge·

741 3524 843 3576 trennt.
872 3519 953 3574 Nach
967 3519 1049 3576 Ouid.
1063 3521 1096 3573 A.
1110 3518 1144 3572 A.
1159 3519 1200 3573 lli
1215 3526 1267 3575 363
1276 3519 1306 3575 ff.

780 3593 831 3645 Est
853 3607 941 3659 genus
964 3591 994 3643 in
1016 3589 1136 3645 totidem
1158 3591 1237 3644 tenui
1262 3608 1306 3644 ra·

914 3703 916 3708 .
956 3661 1034 3714 tione
1052 3660 1199 3714 redactum
1377 3660 1378 3663 ’

816 3730 969 3801 Scriptula,
997 3736 1063 3800 quoi
1089 3746 1191 3785 meuses
1220 3729 1305 3785 lubri-

957 3818 1006 3856 cus
1025 3817 1117 3856 αιιιιιιι
1135 3800 1229 3856 habet.

778 3872 871 3928 Parra
889 3871 997 3928 tabella
1015 3873 1093 3942 capit
1106 3877 1197 3927 terrem
1210 3873 1306 3926 utrim-

958 3961 1008 4015 que
1026 3943 1144 4013 lapillos.

780 4017 813 4070 ln
823 4033 879 4085 qua
888 4015 989 4072 vicisse
1002 4018 1046 4070 est
1053 4015 1233 4068 continuasse
1241 4030 1306 4068 suos

746 4118 779 4128 -
793 4087 890 4141 wurde
909 4087 959 4142 das
974 4085 1052 4156 Spiel
1065 4100 1121 4141 von
1135 4084 1239 4139 aweien
1252 4084 1306 4138 mit

742 4159 772 4229 je
797 4165 813 4213 3
833 4157 950 4213 Steinen
973 4155 1104 4227 gespielt.
1139 4153 1192 4209 Die
1215 4155 1308 4209 Kunst

745 4229 867 4283 bestand
880 4245 938 4282 nun
952 4228 1041 4295 darin,
1056 4229 1111 4281 den
1119 4224 1231 4296 Gegner
1240 4225 1306 4281 fest·

746 4302 876 4354 ausetaen
898 4299 957 4352 und
979 4297 1064 4353 dabei
1086 4296 1164 4352 scine
1189 4297 1308 4367 eigenen

747 4371 806 4424 drei
839 4369 933 4426 Steine
970 4367 1001 4421 in
1032 4368 1307 4425 ununterbrochener
