2842 4778
485 246 534 300 DE
553 243 728 302 ORATORE
746 243 786 298 111
804 250 847 313 54,
861 261 909 302 sor.
1221 245 1287 310 499

85 417 147 478 ret
169 411 377 497 reprehensio
406 415 440 475 et
463 407 654 474 exclamatio
678 410 711 471 et
738 407 923 472 imminutio
948 410 981 472 et
1010 408 1095 493 quod
1117 408 1152 474 in
1174 409 1288 474 multis

87 502 243 566 suasibus
270 500 401 584 ponitur
425 502 458 563 et
481 497 565 583 quod
592 497 631 561 de
659 496 798 581 singulis
825 497 922 561 rebus
950 496 1128 582 propositis
1156 497 1287 563 ductum

87 590 251 654 srefertnr
278 589 319 652 ad
343 588 473 672 singula
501 583 533 650 et
561 586 602 651 ad
630 585 834 669 propositum
862 585 1009 651 subiecta
1036 586 1120 651 ratio
1148 590 1181 651 et
1208 587 1287 651 item

86 678 150 741 ein
173 677 356 742 distributis
380 675 549 761 supposita
570 675 654 740 ratio
679 676 711 737 et
733 673 901 756 permissio
923 679 956 740 et
974 696 1085 740 rursus
1110 675 1176 740 alia
1196 675 1288 739 dubi-

87 767 196 830 statio
220 770 254 831 et
276 765 489 849 improvisum
512 763 666 848 quiddam
690 765 724 827 et
747 760 962 828 dinumeratio
986 766 1019 829 et
1042 764 1106 829 alia
1129 764 1285 830 correctio

87 858 149 918 eet
169 853 337 940 dissipatio
366 857 399 918 et
421 853 646 918 continuatum
673 854 706 916 et
727 851 943 934 interruptum
973 854 1006 916 et
1028 852 1138 938 imago
1167 857 1201 917 et
1224 853 1287 918 sibi

114 1013 204 1065 teram
222 1010 346 1065 breviter
364 1013 394 1067 et
411 1009 495 1065 facile
517 1009 673 1075 confirmat,
763 1013 787 1063 3.
811 1009 849 1064 ad
867 1009 1041 1076 propositam
1063 1010 1186 1065 subiecta
1203 1011 1286 1076 ratio,

114 1101 136 1135 a.
155 1081 185 1136 B.
209 1098 273 1135 nam
296 1081 344 1150 qni
368 1081 425 1136 suis
448 1081 608 1135 rationibus
630 1080 673 1135 in-
727 1077 892 1148 αἰτιολογία,
911 1078 937 1132 Π
955 1094 1003 1135 rat.

113 1151 213 1207 imieus
223 1151 308 1207 fuerit
322 1169 441 1222 semper,
456 1169 520 1207 eum
531 1150 672 1220 quomodo
762 1155 788 1204 4.
812 1151 844 1204 in
862 1150 1019 1205 distributis
1040 1151 1185 1220 strpposita
1202 1152 1285 1217 ratio,

113 1222 212 1277 alienis
235 1223 318 1278 rebus
337 1223 460 1279 amicum
477 1222 537 1277 iore
558 1228 672 1291 speres?
726 1218 949 1291 προσαπόδοσις,
971 1240 993 1279 z.
1012 1220 1044 1277 B.
1064 1238 1153 1291 neque
1172 1237 1285 1276 accusa·

113 1294 182 1348 oder
199 1310 252 1362 ego
271 1311 352 1362 reges
371 1294 449 1362 eieci,
469 1311 519 1349 vos
537 1296 672 1363 tyrannos
725 1294 816 1348 torem
826 1309 891 1347 eum
900 1294 1005 1361 metuo,
1013 1292 1063 1362 qui
1073 1310 1135 1348 sum
1143 1292 1286 1360 innocens,

111 1364 301 1420 introducitis.
725 1378 817 1432 neque
841 1365 1056 1432 competitorem
1075 1380 1186 1432 vereor,
1210 1366 1286 1433 quod

146 1437 325 1504 dimiutum
348 1431 516 1490 ἀσύνδετον.
553 1436 589 1489 ad
607 1435 672 1490 Hor.
728 1433 1287 1505 sumAutonius,nequecousulemspero‚

112 1506 151 1560 IV
162 1513 206 1574 30,
215 1523 241 1561 er
261 1506 287 1561 d.
302 1510 354 1575 est,
371 1507 450 1576 quod
467 1505 672 1561 coniunctioni·
727 1506 804 1574 quod
828 1508 871 1559 est
895 1503 1005 1574 Cicero,
1034 1505 1128 1572 Quint.
1142 1506 1182 1560 IX
1196 1511 1221 1575 3,
1235 1506 1286 1562 sai.

112 1578 164 1632 bus
183 1578 334 1633 verborum
352 1594 368 1631 e
386 1576 480 1633 medio
494 1577 616 1632 sublatis
628 1593 672 1631 ae·
757 1576 912 1645 permissio,
932 1571 1076 1646 ἐπιτροπή.
1108 1576 1145 1631 ad
1163 1577 1228 1632 Her.
1246 1575 1286 1630 IV

112 1649 221 1718 paratis
240 1649 367 1719 partibus
382 1649 504 1717 effertur,
519 1669 540 1704 a.
555 1649 586 1703 B.
604 1664 671 1718 gere
724 1650 769 1715 89,
788 1662 814 1702 so
838 1664 866 1715 p.
885 1649 942 1716 est,
966 1663 1030 1702 eum
1056 1646 1230 1702 ostendimus
1255 1646 1286 1703 in

86 1783 88 1786 p
112 1736 218 1775 morem
240 1719 360 1789 parenti,
378 1737 446 1790 pare
465 1720 604 1791 cognatis,
623 1721 671 1776 ob·
722 1716 845 1773 diceudo
872 1733 924 1772 nos
953 1717 1079 1786 aliquam
1106 1735 1166 1773 rem
1193 1719 1286 1772 totum

111 1807 227 1861 sequere
242 1789 350 1857 amicis,
370 1792 537 1861 obtempera
550 1791 670 1862 legibus.
724 1789 836 1844 tradere
849 1789 879 1843 et
890 1790 1046 1844 concedere
1056 1787 1177 1844 alieuius
1186 1789 1285 1844 volun·

148 1863 304 1928 dectinatio,
313 1862 524 1932 (παρηγμένον),
532 1864 607 1918 ‘oum
622 1862 673 1916 ali·
727 1861 791 1928 tati,
810 1879 832 1913 a.
847 1859 878 1914 B.
893 1876 943 1915 vos
960 1877 1006 1916 nae
1018 1859 1113 1915 vestro
1126 1877 1183 1930 quo
1199 1862 1285 1930 pacto

113 1930 182 2001 quid
200 1934 411 2001 praetereuntes
430 1950 479 1986 cur
492 1933 523 1987 id
537 1933 673 1988 faciamus
727 1931 808 1986 vobis
822 1930 965 1987 videbitur
983 1930 1105 1988 utamini
1118 1933 1203 2002 Qus
1215 1930 1287 1985 aba·

114 2001 308 2070 ostendimus’,
327 2001 373 2057 Or.
388 2018 436 2059 rsa.
466 2022 508 2073 pr.
528 2003 587 2057 Mil.
607 2004 672 2062 raff.
728 2002 829 2058 nmini
841 2002 948 2071 licebit,
962 2002 1194 2073 imponiteinme
1205 2000 1286 2072 quid-

150 2078 174 2127 1.
202 2075 387 2143 reprehensio,
415 2070 587 2144 ἄφοροσμός,
615 2077 673 2130 ‹tro-
727 2073 806 2142 libet,
821 2074 963 2144 quidlibet
973 2075 1098 2143 statuite,
1113 2073 1191 2130 dieto
1201 2074 1286 2144 atque

112 2139 223 2214 ρισμός,
254 2145 333 2199 ‘cnm
365 2145 530 2216 corrigimus
561 2149 674 2201 nosmet
726 2149 797 2200 nutu
827 2146 941 2213 parebo.
978 2146 1039 2201 Hoc
1071 2162 1159 2216 genus
1187 2177 1222 2186 -
1249 2145 1287 2200 ad

111 2213 188 2284 ipsos
198 2214 279 2285 quasi
295 2216 553 2287 reprehendentes'‚
569 2216 615 2272 Or.
624 2233 671 2274 rsa.
726 2216 946 2271 misericordiam
961 2216 1192 2272 commovendam
1202 2216 1286 2272 vehe-

112 2285 207 2352 Quint.
218 2286 257 2340 IX
267 2293 292 2357 2,
304 2303 329 2344 ra
349 2287 433 2356 cives,
449 2289 532 2358 cives,
546 2289 670 2359 inquam,
725 2285 900 2342 mestissime
918 2287 963 2340 est
980 2287 1231 2342 accommodatum.

112 2358 137 2411 si
150 2359 204 2413 hoc
219 2374 267 2414 eos
281 2358 395 2414 nomine
409 2359 604 2430 appellarisne
619 2361 671 2414 est.
763 2358 822 2412 otia
837 2358 983 2423 dubitatio,
1002 2352 1218 2429 spurcitiisque,
1237 2371 1285 2412 sos.

146 2431 317 2496 exclamatio,
332 2426 493 2499 ἔκφώοησις
510 2431 672 2486 admiratio·
727 2426 821 2492 Quint.
837 2425 876 2480 IX
890 2435 914 2494 3,
928 2442 954 2482 ss
974 2427 1118 2492 Quasdam
1136 2428 1285 2482 verborum

110 2498 155 2553 nis
172 2499 219 2553 vel
238 2501 463 2568 conquestionis,
483 2498 671 2571 σχετλιασμοῖς.
726 2498 832 2567 figurae
841 2496 970 2567 paullum
977 2497 1074 2568 liguris
1082 2497 1286 2553 sententiarum

111 2567 147 2621 ad
166 2568 232 2623 Her.
251 2569 291 2623 IV
310 2576 353 2638 15,
371 2583 398 2622 ns
424 2570 495 2626 axel.
520 2572 577 2640 est,
600 2589 672 2640 quae

111 2638 224 2692 conficit
243 2638 480 2707 significationem
499 2639 603 2695 doloris
623 2644 673 2696 aut

111 2708 315 2778 indignationis
343 2709 462 2765 alicuius
480 2729 531 2781 per
548 2712 672 2766 hominis

111 2780 248 2834 anturbis
259 2784 309 2834 aut
322 2781 379 2836 loci
393 2785 443 2836 ant
457 2784 497 2837 rei
514 2781 671 2852 cuiuspiam

111 2850 366 2919 compellationem.

146 2923 317 2991 imminutio,
336 2922 408 2977 uach
428 2923 522 2989 Quint.
541 2923 581 2977 IX
600 2930 625 2992 3,
644 2939 671 2979 eo

111 2993 365 3061 gleichbedeutend
376 2994 429 3048 mit
439 2995 610 3063 extenuatio,
620 3011 670 3051 sos.

110 3063 189 3119 Doch
212 3065 318 3120 litante
341 3066 403 3120 hier
426 3067 574 3121 vielleicht
598 3067 671 3122 auch

111 3134 671 3208 daruntereineblosseWortverlriireung

111 3224 146 3259 zu
159 3207 230 3261 rhet.
246 3207 383 3262 Zweclren
397 3211 522 3278 gemeint
536 3210 604 3264 sein.
624 3208 670 3264 Or.

111 3290 150 3332 157
182 3276 255 3342 Quid
284 3280 360 3346 quod
388 3281 428 3334 sic
460 3280 540 3349 loqui
564 3280 668 3335 ‘nosse’

112 3345 272 3402 ‘iudicasse’
293 3352 398 3417 vetant,
419 3351 552 3407 ‘novisse’
572 3349 672 3407 iubent

111 3420 140 3473 et
151 3417 342 3475 ‘iudicavisse’
352 3423 473 3490 -quasi
484 3439 553 3477 vero
563 3423 671 3477 nescia-

110 3507 172 3544 mus
190 3488 221 3544 iu
239 3493 294 3545 hoc
312 3507 415 3559 genere
429 3496 459 3546 et
476 3493 593 3562 plenum
611 3511 670 3547 ver·

109 3561 178 3615 bum
188 3564 264 3616 reete
275 3561 332 3615 dici
339 3562 550 3617 etimminntam
557 3563 670 3619 usitata.

144 3633 217 3700 qnod
242 3634 274 3686 in
297 3632 391 3686 mattis
416 3634 525 3688 casibus
543 3635 670 3702 penitam,

107 3697 305 3768 meliorator,
329 3721 351 3757 z.
372 3703 401 3755 B.
421 3705 504 3772 pater
522 3703 568 3759 hie
586 3706 669 3761 tuus?

108 3776 219 3840 patrem
242 3789 315 3826 nuno
338 3771 485 3842 appellas?
513 3778 603 3844 patris
626 3777 670 3831 tui

108 3842 184 3895 filius
203 3850 251 3898 es?
289 3841 538 3912 ennemase.

145 3918 170 3966 2.
197 3915 271 3983 qaod
297 3915 331 3970 de
355 3915 474 3985 sinantia
498 3920 580 3973 retas
605 3917 668 3988 ete,

110 3984 343 4056 ‘wechselseitige
359 3985 521 4058 Beaiehung
539 3988 668 4044 derAus-

108 4056 214 4111 drdclre
228 4057 279 4111 auf
296 4057 451 4115 einander’.
480 4062 530 4114 Ala
545 4059 669 4130 Beispiel

107 4127 178 4181 wird
193 4128 357 4198 angeffihrt:
376 4146 403 4199 p.
413 4129 473 4184 Mil.
485 4146 511 4185 ro
525 4134 569 4186 eet
581 4132 669 4202 igitur

106 4197 177 4253 haec
187 4215 244 4253 non
254 4200 360 4270 scripta
370 4200 420 4255 sed
434 4202 503 4257 nats
513 4201 567 4272 lex,
583 4219 669 4272 quam

107 4285 164 4322 uon
178 4269 337 4339 didicimus,
353 4271 522 4342 accepimus,
537 4273 667 4343 legimus,

107 4354 204 4393 verum
228 4357 262 4395 ex
279 4343 382 4397 natura
403 4342 467 4411 ipsa
490 4344 668 4414 arripuimus,

107 4408 260 4479 hausimus,
279 4411 475 4482 expressimus.

727 2567 905 2624 declinantur
917 2570 951 2623 ut
965 2567 1114 2626 dubitatio.
1137 2568 1286 2624 Nemeum

725 2639 756 2692 in
779 2656 809 2694 re
829 2642 884 2710 est,
907 2640 995 2710 priori
1018 2641 1093 2710 parti
1116 2639 1287 2710 assignanda

727 2711 782 2778 est,
801 2725 866 2764 cnm
883 2710 913 2764 in
932 2711 1029 2779 verbo,
1048 2712 1192 2781 sequenti,
1212 2731 1234 2767 a.
1252 2711 1284 2768 Β.

726 2779 797 2834 ‘sive
815 2797 861 2836 me
880 2781 1033 2851 malitiam,
1053 2782 1112 2837 sive
1131 2782 1286 2837 stultitiam

725 2851 818 2906 dicere
843 2852 976 2921 oportet’.
1013 2853 1084 2907 Item
1104 2852 1284 2908 correctionis

725 2920 825 2977 eadem
843 2922 917 2977 ratio
936 2924 986 2978 est.

761 2998 786 3047 ο.
819 2995 998 3064 improuismn
1028 2994 1175 3064 quiddam,
1206 2991 1284 3064 παρὰ

724 3066 912 3134 προσδοκίαν,
935 3061 1164 3155 ἀπροσδόκητον,
1191 3065 1285 3122 11255.

760 3136 953 3204 dinumeratio,
972 3137 1175 3262 anapidpqme.

761 3208 821 3262 alia
829 3209 968 3276 eorrectio,
979 3222 1026 3264 sos.
1041 3207 1079 3262 ad

725 3295 750 3333 c.
769 3280 821 3347 est,
840 3295 912 3349 quae
930 3280 1009 3334 tollit
1025 3279 1063 3348 id,
1082 3279 1158 3348 qnod
1177 3280 1285 3335 dictum

725 3351 770 3404 est
787 3352 817 3404 et
834 3366 886 3419 pro
905 3366 938 3406 eo
956 3350 1000 3418 id,
1019 3352 1094 3418 qnod
1112 3351 1204 3420 magis
1222 3350 1285 3413 id07

724 3436 809 3474 neum
823 3421 942 3490 videtur,
957 3422 1077 3491 reponit,
1092 3439 1115 3476 a.
1128 3420 1160 3476 B.
1170 3421 1285 3492 ‘quodsi

724 3491 780 3546 iste
803 3508 868 3547 suos
886 3492 1012 3561 hospites
1034 3493 1174 3563 rogasset,
1195 3493 1284 3548 immo

725 3561 871 3660 adnuisset
887 3562 984 3631 modo,
1008 3562 1092 3618 facile
1110 3562 1165 3619 hoc
1187 3563 1284 3634 perfici

723 3635 841 3702 posset.

724 3753 725 3756 ,
761 3710 785 3758 6.
804 3705 959 3774 dissipatio.
993 3704 1087 3769 Quint.
1106 3703 1145 3759 IX
1163 3711 1188 3774 3,
1207 3721 1234 3762 ss
1251 3708 1284 3761 ut

722 3774 793 3829 haec
829 3774 860 3829 in
891 3792 978 3830 unum
1010 3779 1211 3845 congeruntur,
1242 3777 1284 3832 its

723 3849 821 3900 contra
843 3845 896 3901 illa
918 3845 1044 3916 dispersa
1068 3849 1146 3917 sunt,
1170 3864 1243 3917 quaa
1266 3864 1284 3902 a

723 3915 855 3972 Cicerone
878 3917 1015 3989 dissipata
1038 3917 1096 3974 dici
1118 3921 1202 3989 puto:
1224 3918 1284 3975 ‘irio

722 3989 841 4057 segetes,
860 3990 920 4044 iilic
936 3990 1056 4045 veniunt
1073 3989 1184 4045 felicius
1201 4004 1282 4059 uvae,

723 4060 834 4115 arborei
852 4061 926 4115 fetus
946 4062 1037 4116 atibi'.

758 4133 963 4199 continuateurs,
987 4132 1023 4186 ad
1047 4132 1111 4188 Her.
1131 4131 1172 4186 IV
1191 4138 1238 4201 19,
1256 4146 1282 4186 m

722 4217 745 4256 c.
763 4203 807 4256 est
825 4204 912 4258 densa
930 4200 1120 4271 frequentatio
1133 4205 1282 4260 verborum

722 4289 786 4327 cum
801 4272 978 4329 absolutione
993 4274 1203 4344 sententiarum,
1218 4295 1240 4330 a.
1251 4275 1281 4329 B.

723 4342 809 4412 ‘quod
824 4347 920 4399 autem
938 4346 1051 4412 tempus
1065 4347 1165 4401 veneni
1180 4346 1283 4403 dandi?

720 4412 772 4468 illo
797 4414 862 4470 dier
890 4414 921 4469 in
946 4413 997 4468 illa
1024 4415 1199 4485 frequentia?
1231 4435 1284 4487 per

1111 3208 1284 3278 mwffim
1387 3189 1389 3193 ,
