2842 4778
141 225 207 290 458
418 224 468 280 ΒΕ
487 223 659 280 ORATORE
679 223 719 277 111
737 230 781 291 ³2,
796 239 919 279 rae-1³1.
939 229 983 291 ³3,
997 238 1045 278 rsa.

140 388 300 453 Abderita
323 387 463 473 loquar?
486 408 623 471 quorum
647 408 731 450 unus
755 386 891 470 quisque
910 386 1089 469 plurimum
1113 385 1323 468 temporibus

89 496 139 544 129
150 477 216 541 illis
240 472 339 540 etiam
364 476 403 540 de
425 479 543 540 natura
565 496 673 539 rerum
697 480 730 538 et
753 475 905 539 disseruit
929 477 962 538 et
985 474 1122 558 scripsit
1163 474 1239 558 Ipse
1263 474 1323 540 ille

140 563 317 628 Leontinus
340 562 492 648 Gorgias,
521 585 585 647 quo
614 569 766 646 patrono,
794 567 831 626 ut
852 563 949 628 Plato
975 563 1090 642 voluit,
1118 563 1349 647 philosophos

141 653 311 717 succubuit
339 657 451 716 orator
479 649 550 738 (qui
578 657 634 716 aut
660 673 728 716 non
756 653 934 717 astrictus
962 673 1117 736 umquam
1141 674 1161 716 a
1185 649 1322 717 Socrate

140 762 244 826 neque
273 762 379 806 sermo
404 741 459 805 ille
487 741 635 805 Platonis
659 762 755 805 verus
784 745 846 824 est3
874 744 944 823 aut,
967 741 995 804 si
1019 744 1083 824 est,
1111 741 1349 824 eloquentiors

140 830 291 894 videlicet
308 830 372 894 fuit
396 833 429 893 et
452 830 603 895 disertior
622 828 771 894 Socrates
796 833 837 911 et,
859 833 897 892 ut
920 834 957 893 tu
976 830 1132 914 appellas,
1155 829 1323 912 copiosior

142 922 176 982 et
198 919 313 984 melior
336 915 471 1004 orator),
496 919 551 983 sed
574 919 628 983 hic
652 919 686 981 in
709 918 768 982 illo
791 917 864 1002 ipso
887 917 1034 983 Platonis
1058 917 1142 983 libro
1167 918 1206 983 dc
1231 919 1350 983 omnir

141 1029 186 1091 re,
204 1029 425 1093 quaecumque
442 1009 477 1070 in
495 1006 763 1090 disceptationem
782 1007 1069 1091 quaestionemque
1082 1010 1266 1091 vocaretur,
1285 1028 1321 1072 se

141 1097 364 1180 copiosissime
383 1096 542 1160 dicturum
567 1116 637 1159 esse
660 1096 844 1178 profitetur,
867 1095 959 1178 isque
978 1097 1126 1180 princeps
1151 1117 1190 1160 ex
1214 1096 1322 1161 omni-

140 1185 202 1249 bus
226 1208 324 1251 ausus
353 1186 459 1250 estin
483 1187 645 1249 conventu
672 1205 819 1268 poscere,
848 1205 911 1266 qua
934 1183 973 1247 de
996 1205 1032 1247 re
1060 1185 1197 1269 quisque
1220 1184 1323 1248 vellat

142 1274 267 1357 audire,
300 1274 350 1338 cui
377 1276 489 1337 tantus
517 1273 622 1337 honos
651 1273 785 1337 habitus
815 1279 865 1336 est
893 1295 913 1336 a
941 1269 1091 1356 Graecia,
1124 1272 1186 1337 soli
1213 1275 1252 1336 ut
1281 1294 1322 1337 ex

142 1363 292 1426 omnibus
316 1361 453 1445 Delphis
481 1383 548 1425 non
576 1361 726 1426 inaurata
754 1364 877 1440 statua,
907 1359 963 1424 sed
987 1383 1085 1425 aurea
1112 1364 1322 1426 statueretur.

91 1467 141 1515 130
153 1447 216 1514 Sed
240 1451 283 1532 ei,
307 1471 389 1535 quos
413 1451 594 1532 nominavi,
618 1451 775 1534 multique
798 1452 965 1533 praeterea
987 1449 1169 1534 summique
1193 1449 1322 1514 dicendi

143 1538 292 1603 doctores
319 1561 384 1603 uno
408 1543 553 1622 tempore
581 1539 725 1621 fuerunt,
754 1539 933 1621 exquibus
960 1539 1109 1622 intellegi
1135 1541 1245 1622 potest
1273 1538 1321 1602 ita
1337 1563 1365 1602 ιι

144 1648 178 1690 se
201 1649 271 1691 rem
293 1627 428 1710 babere,
456 1631 493 1691 ut
516 1633 565 1710 tu,
590 1625 720 1710 Crasse,
744 1626 836 1709 dicis,
865 1627 1068 1710 oratorisque
1090 1649 1211 1692 nomen
1234 1626 1322 1712 apud

144 1716 295 1799 antiquos
323 1717 358 1779 in
381 1716 517 1781 Graecia
539 1717 663 1781 maiore
692 1715 832 1799 quadam
854 1716 907 1779 vel
933 1716 1027 1799 copia
1049 1716 1101 1780 vel
1130 1715 1236 1800 gloria
1263 1715 1322 1781 flo-

92 1805 265 1869 131ruisse.
297 1804 367 1879 Quo
387 1806 513 1889 quidem
535 1805 640 1889 magis
660 1805 771 1868 dubito
790 1804 893 1867 tibine
912 1805 986 1887 plus
1005 1804 1111 1869 laudis
1131 1827 1171 1868 an
1187 1803 1320 1869 Graecis

143 1894 389 1976 vituperationis
413 1898 555 1957 statuam
579 1915 649 1956 esse
672 1892 894 1975 tribuendum,
917 1914 989 1956 cum
1013 1897 1049 1957 tu
1070 1893 1104 1957 in
1123 1893 1188 1957 alia
1206 1894 1321 1979 lingua

144 2001 181 2044 ac
204 1983 350 2046 moribus
373 1985 470 2045 natus
494 1982 743 2065 occupatissima
765 1982 801 2045 in
819 1981 951 2046 civitate
970 1981 1022 2045 vel
1041 1983 1244 2065 privatorum
1266 2004 1320 2047 ne·
1336 2007 1363 2048 ro

144 2070 242 2154 gotiis
266 2091 368 2152 paene
393 2069 544 2134 omnibus
567 2070 619 2134 vel
642 2070 731 2134 orbis
754 2073 860 2134 terrae
888 2071 1116 2155 procuratione
1140 2092 1179 2134 ac
1201 2072 1321 2136 summi
1335 2098 1363 2138 so

143 2157 271 2241 imperii
290 2159 525 2242 gubernatione
544 2157 721 2240 districtus,
739 2161 865 2222 tantam
880 2158 947 2222 vim
960 2181 1068 2224 rerum
1087 2159 1320 2243 cognitionem·

145 2269 207 2330 que
231 2248 512 2331 comprehenderis
536 2268 671 2331 eamque
694 2268 824 2310 omnem
847 2269 920 2312 cum
944 2248 1026 2328 eius,
1050 2249 1105 2333 qui
1128 2247 1263 2314 consilio
1288 2252 1321 2312 et

144 2337 291 2401 oratione
310 2338 343 2400 in
362 2337 494 2400 civitate
512 2336 630 2418 valeat,
653 2335 789 2399 scientia
808 2340 905 2419 atque
924 2336 1156 2401 exercitatione
1176 2337 1320 2419 sociaris,

142 2425 191 2489 illi
209 2427 279 2490 nati
293 2426 327 2489 in
345 2424 465 2490 litteris
480 2424 721 2509 ardentes[que]
741 2424 793 2488 his
808 2424 933 2502 studiis,
952 2425 1019 2490 otio
1034 2448 1109 2490 vero
1124 2424 1320 2509 diffluentes,

142 2535 209 2579 non
227 2512 323 2580 modo
343 2515 426 2578 nihil
440 2513 657 2598 acquisierint,
677 2513 732 2577 sed
746 2535 787 2576 ne
801 2513 950 2578 relictum
966 2513 1095 2598 quidem
1115 2519 1149 2579 et
1161 2514 1320 2579 traditum

143 2606 176 2666 et
200 2625 293 2667 suum
317 2605 549 2667 conservarint.

35 2697 144 2754 83432
235 2691 317 2754 Tum
341 2688 509 2757 Crassus:
541 2690 616 2756 Non
639 2690 676 2755 in
698 2692 772 2774 hac,
794 2691 914 2775 inquit,
937 2714 1017 2775 una,
1040 2689 1167 2770 Catule,
1190 2712 1239 2775 re,
1263 2691 1320 2756 sed

143 2778 178 2841 in
198 2779 270 2841 aliis
290 2780 389 2843 etiam
408 2781 629 2864 compluribus
649 2780 875 2845 distributione
893 2780 1035 2864 partium
1055 2802 1093 2845 ac
1111 2780 1319 2864 separatione
1333 2808 1361 2848 ea

143 2866 383 2951 magnitudines
412 2872 489 2932 sunt
517 2869 635 2933 artium
660 2869 847 2934 diminutae.
892 2870 947 2932 An
973 2874 1009 2933 tu
1037 2869 1217 2952 existimas,
1246 2890 1319 2935 cum
1332 2896 1361 2937 se

143 2959 229 3019 esset
246 2954 464 3038 Hippocrates
482 2958 538 3020 ille
557 2955 653 3040 Cous,
676 2957 776 3021 fuisse
794 2961 864 3021 tum
884 2957 968 3021 alios
985 2957 1136 3040 medicos,
1159 2959 1215 3043 qui
1233 2980 1319 3024 mor·

179 3117 204 3165 3.
223 3127 276 3181 quo
294 3116 421 3178 patrono,
439 3110 562 3165 insolern
577 3112 659 3166 Plato
673 3112 704 3165 in
756 3113 810 3166 πᾶν
837 3105 882 3166 ὅτι
907 3132 950 3175 τις
982 3109 1112 3184 βούλοιτο
1144 3114 1201 3169 τῶν
1234 3111 1318 3170 ἔνδον

145 3181 251 3235 seinem
264 3180 369 3250 Dialog
383 3180 448 3235 dem
461 3181 569 3236 Rhetor
584 3183 702 3252 Gorgias
756 3178 848 3238 dovor
871 3181 920 3236 aul
942 3183 1013 3253 πρὸς
1031 3179 1146 3239 ἅπαντα
1168 3183 1225 3256 ἔφη
1246 3181 1317 3240 ἄπο-

143 3251 390 3322 daspatrocinium
401 3251 519 3306 oratoris
534 3252 704 3321 tibertragen
756 3257 926 3322 κρινεῖσθαι.
945 3253 959 3306 Ι
977 3255 1041 3311 reos.

142 3321 230 3388 hatte,
241 3322 519 3377 wahrendSckrates
532 3323 704 3379 derAnwalt
794 3329 836 3378 14.
853 3325 983 3393 fucrant,
1005 3326 1098 3382 haben
1117 3327 1214 3396 gelebt
1232 3327 1319 3398 (donn

144 3394 193 3448 dea
211 3392 403 3462 Philosophen
421 3409 488 3449 war.
758 3393 1318 3468 beiderblollenZeitangabewirdesse,

179 3469 204 3519 t.
236 3481 330 3531 caus,
370 3466 422 3519 hat
458 3465 538 3519 nicht
574 3465 704 3520 wirklich
757 3465 838 3521 nicht
856 3467 951 3522 vivere
970 3469 1150 3538 gebraucht)‚
1169 3469 1205 3523 de
1219 3469 1317 3540 imper.

143 3536 363 3604 stattgefunden,
383 3537 460 3590 kann
478 3537 539 3591 also
553 3537 583 3590 in
597 3537 703 3591 diesem
758 3535 807 3592 (ln.
836 3536 867 3592 P.
891 3554 918 3592 rr
950 3557 1046 3594 eorum
1078 3540 1237 3611 hominum,
1270 3540 1319 3610 qui

141 3604 221 3661 Falla
239 3608 319 3662 nicht
342 3625 404 3661 zum
424 3605 531 3662 Beweis
550 3608 600 3662 der
617 3595 704 3661 llber-
757 3625 831 3663 nunc
850 3613 922 3664 sunt.

141 3677 288 3747 legenheit
302 3680 351 3733 des
362 3678 552 3748 Philosophen
566 3679 635 3734 uber
649 3679 704 3733 den
795 3685 836 3733 19.
846 3682 1023 3749 privatorum
1035 3683 1153 3754 nepotiis
1166 3684 1230 3750 etc,
1244 3681 1318 3739 Einl.

141 3747 257 3804 Redner
278 3751 430 3819 angeffihrt
447 3751 573 3818 werden,
596 3749 636 3803 im
655 3766 703 3804 an-
757 3750 805 3816 15
824 3756 850 3820 9,
868 3767 903 3806 ec.

142 3821 211 3875 dern
224 3819 286 3875 Fall
301 3822 368 3874 aber
385 3820 530 3875 batnicbt
543 3823 593 3876 der
606 3821 700 3877 Philo·
790 3826 834 3876 20.
872 3824 946 3878 orbis
982 3829 1071 3880 terrae
1108 3825 1318 3894 procuratione,

142 3892 214 3958 soph
228 3891 282 3944 den
296 3889 417 3957 Redner,
436 3892 558 3946 sondern
573 3892 617 3946 oin
636 3893 701 3947 bes·
737 3892 827 3954 ,nint
848 3892 861 3944 Ι
880 3897 895 3958 5
916 3900 958 3960 10,
976 3895 1037 3951 soff.

142 3975 217 4013 serer
246 3961 358 4014 Redner
390 3962 473 4016 einen
505 3963 703 4018 schwaeheren
790 3966 890 4018 summi
907 3966 972 4033 imp.
990 3967 1200 4036 paternationc,
1218 3966 1319 4022 Einl.I

140 4031 337 4085 oberwunden.
757 4040 772 4101 ξ
792 4039 835 4099 10,
854 4034 915 4088 soff.

178 4103 353 4172 eloquentior,
369 4102 383 4155 Ι
400 4118 435 4159 rr.
793 4108 836 4158 28.
860 4105 1055 4161 distributione
1076 4109 1204 4178 partium
1226 4124 1260 4163 ac
1278 4124 1317 4164 se-

179 4178 204 4228 ⁷.
216 4176 263 4229 scd
276 4172 379 4228 nimmt
394 4175 447 4229 den
461 4176 704 4232 unterbrochenen
755 4175 912 4245 paratiore,
927 4175 1099 4249 Gliederung
1113 4198 1140 4234 u.
1155 4179 1319 4250 Scheidung

142 4242 296 4300 Gedanken
315 4246 419 4300 wieder
437 4247 493 4315 auf,
512 4247 589 4303 Brut
608 4262 642 4302 ec.
757 4249 787 4301 in
801 4243 890 4312 Teile,
903 4246 1099 4318 Abzweigung
1111 4250 1318 4306 vonGliedsm.

178 4316 210 4369 ia
228 4317 276 4372 illo
293 4319 354 4385 ipro
374 4318 504 4374 Platonis
522 4319 601 4386 libro,
620 4317 703 4388 Gorg.
793 4322 836 4372 29.
855 4320 1073 4387 mapoitadc'aes,
1095 4319 1141 4376 die
1160 4320 1318 4392 Uml'angs,

124 4401 158 4451 p.
174 4387 272 4440 1170
285 4383 405 4445 ἐκέλευε
421 4390 496 4460 γοῦν
510 4390 564 4445 rrir
583 4388 618 4460 δὴ
636 4386 704 4462 ἐρω-
758 4386 1070 4446 Gebietsverhtltnisse.
