2842 4778
439 260 487 314 DE
508 257 933 325 ORATORElIl2'1‚ror.1oe.
1219 253 1284 318 449

108 425 230 508 partim
259 424 382 488 habent
410 423 564 488 vitiorum
593 426 625 485 et
653 426 860 505 peccatorum
889 440 997 484 acrem
1027 419 1189 503 quandam
1213 441 1286 483 cum

109 512 365 596 amplificatione
398 512 635 576 incusationem
664 515 720 574 aut
748 509 924 592 querelam,
957 513 1071 572 contra
1099 530 1196 592 quam
1224 507 1288 571 dici

108 600 192 665 nihil
217 601 301 664 solet
323 622 382 664 nec
404 604 527 684 potest,
549 603 587 663 ut
609 601 644 662 in
667 598 939 681 depeculatorem,
963 597 996 661 in
1021 597 1228 680 proditorem,
1251 596 1286 661 in

112 689 321 772 parricidam,
350 690 467 773 quibus
497 690 546 753 uti
574 687 771 752 confirmatis
800 686 990 751 criminibus
1019 689 1164 770 oportet,
1191 685 1286 749 aliter

111 779 198 841 enim
217 777 317 841 ieiuni
336 781 413 840 sunt
432 782 529 861 atque
544 777 673 860 inanes3
692 775 747 839 alii
761 778 869 839 autern
884 774 1008 838 habent
1023 773 1283 858 deprecationem

81 872 168 931 cant
191 866 445 948 miserationem,
469 866 525 930 alii
548 886 624 929 vero
648 863 804 947 ancipites
828 863 1074 946 disputationes,
1096 864 1131 926 in
1154 864 1271 946 quibus
1285 879 1334 927 107

84 954 151 1017 rde
175 955 326 1019 universo
350 975 482 1039 genere,
511 955 544 1018 in
569 957 739 1036 utramque
763 955 888 1035 partem
913 951 1027 1014 disseri
1049 952 1181 1033 copiose
1203 952 1288 1016 licet.

82 1043 200 1118 eQuae
238 1043 425 1107 exercitatio
457 1064 544 1106 nunc
577 1042 709 1125 propria
741 1041 878 1104 duarum
910 1039 1206 1124 philosophiarum,
1248 1041 1287 1104 de

83 1132 229 1216 equibus
253 1134 329 1196 ante
349 1132 424 1213 dixi,
447 1134 597 1216 putatum
622 1129 706 1214 apud
726 1129 878 1213 antiquos
898 1131 968 1192 erat
987 1150 1107 1210 eorum,
1132 1128 1286 1212 aquibus

71 1244 97 1282 10
111 1219 219 1284 omnis
251 1220 289 1284 de
317 1220 414 1284 rebus
443 1219 627 1284 forensibus
656 1218 783 1282 dicendi
811 1218 896 1282 ratio
925 1222 958 1280 et
986 1218 1079 1300 copia
1106 1218 1286 1301 petebatur.

109 1305 160 1372 De
183 1308 305 1373 virtute
330 1309 416 1372 enim
435 1309 474 1372 de
493 1307 610 1385 officio,
634 1307 673 1371 de
692 1329 794 1390 aequo
815 1311 848 1371 et
867 1307 963 1389 bono,
987 1306 1025 1370 de
1045 1305 1206 1391 dignitate
1226 1307 1287 1369 uti-

110 1397 213 1478 litate,
235 1396 360 1462 honore
383 1397 571 1482 ignominia,
595 1395 740 1479 praemio
764 1417 870 1478 poena
889 1395 1113 1478 similibusque
1133 1394 1286 1459 derebus

68 1511 94 1550 ιι
108 1487 143 1550 in
180 1490 350 1569 utramque
387 1490 512 1568 partem
541 1484 666 1549 dicendi
699 1483 815 1547 etiam
847 1506 915 1548 nos
949 1487 982 1547 et
1015 1483 1081 1547 vim
1114 1487 1147 1547 et
1178 1489 1283 1548 artem

105 1573 227 1638 habere
252 1574 416 1638 debemus.
463 1573 703 1658 sedquoniam
728 1572 766 1635 de
791 1577 904 1636 nostra
922 1572 1129 1656 possessione
1149 1572 1274 1656 depulsi
1286 1587 1336 1636 108

65 1686 92 1726 15
107 1662 142 1725 in
173 1684 274 1745 parvo
306 1667 339 1727 et
371 1684 409 1726 eo
439 1662 585 1747 litigioso
614 1661 781 1744 praediolo
810 1660 916 1724 relicti
945 1681 1056 1724 sumus
1085 1665 1118 1724 et
1145 1661 1284 1725 aliorum

107 1799 260 1856 nweifellos
278 1801 668 1884 verabsoheuungswiirdiges
759 1801 879 1854 duorum
907 1800 1001 1869 philos
1037 1800 1148 1853 tiorum
1175 1830 1209 1839 -
1236 1800 1286 1855 der

105 1870 299 1940 Verbrechen,
319 1890 375 1941 quo
393 1872 457 1927 loco
476 1873 530 1927 ursi
548 1874 669 1941 probata
725 1870 945 1925 akademischen
964 1887 1002 1924 un
1037 1868 1284 1940 peripatetischen,

105 1959 135 1997 re
164 1959 220 1997 non
250 1946 294 1998 est
322 1944 457 1998 utendum
481 1942 554 2012 (ng.¹
574 1941 600 1996 ΙΙ
620 1947 669 2012 roe)
724 1959 745 1996 s.
764 1942 821 1996 ind·
841 1941 921 1996 acad.

105 2013 188 2067 oder
209 2014 310 2069 dobiae
333 2014 374 2067 rei
393 2013 590 2083 amplificatio,
615 2014 668 2067 wie
760 2019 784 2067 9.
804 2018 882 2080 aute,
899 2029 933 2068 er.

104 2084 174 2138 r'iber
184 2084 230 2138 die
240 2085 558 2153 Glaubwr'irdigkeitod.
570 2083 669 2138 Nicht·
759 2100 859 2149 eorum,
874 2085 923 2137 der
937 2084 1080 2153 sapientes
1090 2085 1147 2138 und
1158 2087 1284 2140 oratores

105 2156 367 2225 glaubwr‘irdigkeit
408 2171 462 2209 von
501 2156 668 2210 Verdachts-
724 2155 762 2208 im
781 2155 871 2210 'alteru
892 2153 976 2208 Sinue
996 2156 1044 2209 des
1068 2154 1175 2225 Worts,
1194 2170 1229 2212 ee.

105 2227 244 2296 minden,
272 2242 343 2295 quae
370 2227 513 2282 inducitur
540 2243 591 2296 per
618 2226 668 2280 ali·
761 2229 802 2281 10.
822 2227 920 2294 omnis,
939 2227 998 2280 also
1018 2225 1090 2280 auch
1105 2227 1139 2280 de
1153 2228 1284 2283 universo

104 2313 189 2366 quam
207 2297 383 2366 probabilem
403 2300 521 2366 utraque
535 2315 569 2353 ex
588 2300 668 2367 parte
722 2312 832 2365 genere.

105 2368 252 2422 rationem.
299 2370 416 2422 Hierher
443 2372 567 2436 geheren
595 2370 668 2423 auch
757 2369 790 2421 dc
799 2368 879 2421 rebar
887 2367 1050 2432 forensibus,
1061 2366 1106 2419 die
1117 2367 1180 2420 dem
1190 2366 1286 2423 Leben

106 2438 151 2493 die
175 2439 364 2508 allgemeinen
388 2440 535 2494 ethischen
559 2439 667 2507 Gegen·
723 2439 898 2506 angehdrem
926 2436 998 2489 daau
1025 2436 1088 2490 sind
1115 2437 1184 2491 aber
1211 2439 1285 2493 doch

105 2510 181 2562 satae
196 2510 343 2578 (aucipites
359 2509 585 2578 disputationes).
612 2512 668 2564 Der
721 2509 818 2575 virtus,
828 2507 959 2572 officium,
970 2506 1103 2576 dignitas,
1114 2509 1222 2564 utilitas
1231 2511 1284 2566 etc.

104 2579 200 2632 Inhalt
227 2579 276 2632 der
303 2579 485 2647 amplificatio
509 2585 602 2635 certae
625 2580 668 2634 rei
723 2580 795 2633 ohne
814 2577 929 2632 Zweifel
947 2595 982 2630 zu
1000 2580 1131 2633 rechnen.

105 2650 181 2703 istiu
189 2648 335 2717 derRegel
343 2649 668 2721 incusatio(indignatio)
758 2651 831 2703 ratio
853 2655 879 2704 ct
902 2650 997 2716 copia,
1019 2649 1209 2705 theoretische
1233 2650 1285 2706 Be·

106 2719 174 2775 oder
185 2720 301 2787 querela
312 2720 506 2788 (conquestio),
522 2720 669 2775 bisweilen
721 2719 861 2787 fahigung
878 2718 936 2772 und
955 2719 1043 2773 Fullo.

102 2790 207 2860 jedoch
231 2791 313 2844 unter
331 2790 506 2844 Umst'anden
529 2791 601 2845 auch
622 2792 668 2846 de·
760 2797 801 2844 13.
816 2793 899 2844 etiam
916 2805 975 2855 uos,
994 2807 1015 2843 s.
1030 2791 1056 2843 d.
1072 2790 1137 2845 krit.
1153 2790 1283 2861 Anhang.

104 2861 231 2933 precatio
254 2862 337 2931 (statt
360 2862 409 2916 der
431 2861 581 2930 incusatio)
600 2862 668 2917 oder
758 2867 784 2914 ct
807 2862 863 2915 eim
886 2865 912 2914 et
930 2865 1016 2914 anem
1034 2862 1132 2916 habere
1152 2863 1284 2918 debemus.

104 2933 248 2987 miseratio
270 2933 352 3002 (statt
370 2934 421 2986 der
439 2934 572 3002 querela).
722 2921 797 2986 Uber
824 2930 900 2985 diese
928 2949 949 2988 s.
977 2948 1005 2999 g.
1033 2930 1285 3001 philosophischen

141 3010 165 3057 6.
185 3005 319 3073 ancipites
337 3005 551 3073 (imputationes,
572 3021 618 3061 ιιι.
722 3002 871 3070 Themata,
899 3002 945 3056 die
972 3000 1003 3054 in
1030 3004 1080 3056 das
1105 3001 1207 3058 Gebiet
1235 3005 1285 3060 der

143 3080 167 3128 7.
195 3077 228 3129 de
256 3078 382 3130 colomeo
408 3093 503 3145 penore
530 3107 564 3116 -
594 3078 668 3131 ohne
724 3073 812 3128 Ethilr
831 3075 963 3144 gehbran,
982 3075 1055 3129 nach
1073 3075 1122 3128 der
1142 3075 1237 3129 Licht·
1256 3096 1283 3132 u.

105 3146 281 3214 persbnliche
313 3148 472 3215 (konkrete)
504 3147 668 3218 Beziehung
723 3144 928 3200 Schattenseite
938 3146 1050 3214 copiose
1059 3165 1093 3200 zu
1102 3147 1197 3215 reden,
1212 3148 1284 3204 darn

106 3215 170 3284 (wie
189 3216 261 3270 oben
279 3217 309 3269 in
323 3218 498 3286 proditorem
512 3221 587 3289 etc),
607 3219 667 3274 also
721 3222 857 3272 mfissen
875 3216 947 3270 cuch
966 3215 1018 3270 wir
1037 3217 1082 3272 die
1101 3217 1200 3286 notige
1219 3221 1277 3289 gei·

104 3287 145 3340 im
168 3286 369 3355 allgemeinen,
398 3290 468 3343 r'iber
491 3290 553 3345 eine
577 3289 667 3359 allge-
720 3286 793 3357 stige
807 3287 987 3356 Befthigung
1006 3288 1086 3359 (vim)
1105 3291 1161 3343 und
1176 3288 1282 3346 Kennt·

104 3357 197 3411 meine
212 3359 379 3427 (abstrakte)
394 3360 493 3430 Frage,
512 3360 595 3415 einen
609 3361 666 3416 All·
720 3359 764 3412 nis
793 3360 905 3428 (artem)
935 3359 1068 3416 besitzen.
1110 3361 1168 3414 Der
1195 3377 1282 3430 gance

105 3427 394 3512 gemeinbegriff,1oo.
544 3503 550 3513 ι
721 3428 797 3496 Satn,
822 3430 856 3482 de
878 3429 983 3512 virtute
1002 3430 1077 3484 enim
1099 3463 1129 3514 Τ
1151 3431 1282 3487 debemus

101 3516 183 3640 jeddr
194 3505 346 3625 midi
354 3507 523 3627 didieddeite
530 3503 666 3628 eripzogepp
720 3499 896 3641 ddiddiddg,
912 3500 1221 3629 ddeelcddredddlffiiegrs
1232 3505 1282 3629 dpp

104 3641 277 3766 {precpeppe
319 3642 526 3697 Schattenseite
563 3659 666 3713 gagen·
720 3641 774 3766 plen
797 3641 909 3765 Iltedtner
932 3641 960 3693 in
979 3642 1167 3766 dilinffichdn
1189 3649 1282 3784 pugo,

146 3727 259 3766 erse.
732 3727 900 3766 eene1en
948 3727 1007 3766 ese
1073 3732 1168 3768 wure
1205 3733 1261 3769 au

140 3785 245 3850 copiose
277 3783 433 3852 entspricht
464 3785 528 3838 dem
562 3783 665 3853 obigen
720 3731 851 3852 ari‘tiquos
876 3813 908 3821 —
927 3729 1101 3850 delebatur).
1138 3784 1203 3853 Vgl.
1222 3733 1280 3840 ies

105 3868 169 3905 cum
179 3853 411 3922 amplificatione:
423 3855 496 3909 deun
505 3856 555 3909 das
565 3854 666 3925 gehbrt
719 3854 737 3908 f.
753 3853 800 3908 hic
815 3854 893 3933 locus
908 3854 943 3905 de
957 3855 1017 3908 vita
1031 3859 1060 3909 et
1069 3855 1193 3909 moribus
1202 3858 1279 3909 totus

104 3941 169 3976 zum
192 3922 271 3980 locus
295 3926 462 3994 eommunis,
487 3924 544 3981 dall
567 3928 665 3995 langer
720 3927 763 3980 est
786 3925 891 3980 oratori
913 3925 1124 3992 perdiscendas.
1163 3924 1207 3981 Or.
1228 3942 1278 3994 11⁸3

103 3993 152 4048 bei
174 3994 233 4048 ihm
256 3997 384 4051 verweilt
405 3999 463 4051 und
487 3997 547 4052 sein
571 3997 666 4052 Inhalt
719 3996 764 4051 Or.
784 3999 856 4065 part.
875 4011 923 4051 140.

103 4064 157 4120 mit
175 4065 252 4120 einer
269 4067 407 4135 gewissen
422 4070 664 4124 oratorischen
756 4073 796 4121 15.
817 4069 936 4136 litipioao
956 4100 990 4108 -
1008 4068 1061 4122 mit
1079 4070 1143 4123 dem
1157 4068 1279 4138 Doppel-

103 4135 202 4190 rullo
222 4137 564 4208 entialtetwird,1115a
719 4136 794 4192 siun:
823 4139 863 4192 sie
891 4139 984 4193 haben
1007 4157 1058 4193 uns
1081 4156 1134 4192 nur
1157 4139 1207 4192 das
1232 4141 1277 4195 be·

103 4209 258 4332 Fssthae
272 4211 440 4290 exercitatio,
456 4211 532 4266 diese
547 4212 664 4266 letztere
719 4208 1277 4334 scllrrtnlrte{cippatdesPrivptpropesses

103 4282 665 4474 pffigflzlntrtrtrlustr:
718 4282 1304 4493 ἓξὲξἚέιξῇιιῖζιιιῗιῖἓέζξζξζξ

103 4435 115 4472 s
190 4436 228 4476 es.
722 4438 755 4477 sa
779 4438 819 4478 au
858 4439 993 4492 smum
1024 4438 1084 4475 auu
1136 4437 1185 4472 ies
1299 4441 1311 4451 ·
