<?xml version="1.0" encoding="UTF-8"?>
<!DOCTYPE html PUBLIC "-//W3C//DTD XHTML 1.0 Transitional//EN"
    "http://www.w3.org/TR/xhtml1/DTD/xhtml1-transitional.dtd">
<html xmlns="http://www.w3.org/1999/xhtml" xml:lang="en" lang="en">
 <head>
  <title>
</title>
<meta http-equiv="Content-Type" content="text/html;charset=utf-8" />
  <meta name='ocr-system' content='tesseract 3.04.00' />
  <meta name='ocr-capabilities' content='ocr_page ocr_carea ocr_par ocr_line ocrx_word'/>
</head>
<body>
  <div class='ocr_page' id='page_1' title='image "./deoratore01cicegoog_0028.png"; bbox 0 0 2842 4778; ppageno 0'>
   <div class='ocr_carea' id='block_1_1' title="bbox 449 181 1322 253">
    <p class='ocr_par' dir='ltr' id='par_1_1' title="bbox 449 181 1322 253">
     <span class='ocr_line' id='line_1_1' title="bbox 449 181 1322 253; baseline 0.009 -15"><span class='ocrx_word' id='word_1_1' title='bbox 449 183 498 238; x_wconf 77' lang='lat' dir='ltr'>Du</span> <span class='ocrx_word' id='word_1_2' title='bbox 518 183 692 239; x_wconf 75' lang='lat' dir='ltr'>ORATORE</span> <span class='ocrx_word' id='word_1_3' title='bbox 711 184 750 238; x_wconf 90' lang='lat' dir='ltr'>Ill</span> <span class='ocrx_word' id='word_1_4' title='bbox 769 190 793 253; x_wconf 74' lang='lat'>⁷,</span> <span class='ocrx_word' id='word_1_5' title='bbox 809 199 842 239; x_wconf 80' lang='lat' dir='ltr'>sa</span> <span class='ocrx_word' id='word_1_6' title='bbox 858 199 891 238; x_wconf 84' lang='lat' dir='ltr'>aa.</span> <span class='ocrx_word' id='word_1_7' title='bbox 911 189 936 253; x_wconf 87' lang='lat'>8,</span> <span class='ocrx_word' id='word_1_8' title='bbox 951 199 984 239; x_wconf 86' lang='lat' dir='ltr'>aa</span> <span class='ocrx_word' id='word_1_9' title='bbox 999 199 1033 239; x_wconf 85' lang='lat' dir='ltr'>ao.</span> <span class='ocrx_word' id='word_1_10' title='bbox 1256 181 1322 246; x_wconf 85' lang='lat'>413</span> 
     </span>
    </p>
   </div>
   <div class='ocr_carea' id='block_1_2' title="bbox 115 345 1411 2387">
    <p class='ocr_par' dir='ltr' id='par_1_2' title="bbox 152 345 1323 430">
     <span class='ocr_line' id='line_1_2' title="bbox 152 345 1323 430; baseline -0.003 -15"><span class='ocrx_word' id='word_1_11' title='bbox 152 371 186 415; x_wconf 89' lang='lat' dir='ltr'>sa</span> <span class='ocrx_word' id='word_1_12' title='bbox 210 349 383 414; x_wconf 81' lang='lat' dir='ltr'>dissimiles</span> <span class='ocrx_word' id='word_1_13' title='bbox 401 347 542 430; x_wconf 84' lang='lat' dir='ltr'>luerunt,</span> <span class='ocrx_word' id='word_1_14' title='bbox 564 346 686 412; x_wconf 88' lang='lat' dir='ltr'>sedita</span> <span class='ocrx_word' id='word_1_15' title='bbox 704 350 824 430; x_wconf 89' lang='lat' dir='ltr'>tamen,</span> <span class='ocrx_word' id='word_1_16' title='bbox 847 348 884 410; x_wconf 91' lang='lat' dir='ltr'>ut</span> <span class='ocrx_word' id='word_1_17' title='bbox 901 346 1063 412; x_wconf 90' lang='lat' dir='ltr'>neminem</span> <span class='ocrx_word' id='word_1_18' title='bbox 1083 346 1134 411; x_wconf 92' lang='lat' dir='ltr'>sui</span> <span class='ocrx_word' id='word_1_19' title='bbox 1152 345 1232 412; x_wconf 86' lang='lat' dir='ltr'>velis</span> <span class='ocrx_word' id='word_1_20' title='bbox 1252 368 1323 411; x_wconf 89' lang='lat' dir='ltr'>esse</span> 
     </span>
    </p>

    <p class='ocr_par' dir='ltr' id='par_1_3' title="bbox 124 434 1324 965">
     <span class='ocr_line' id='line_1_3' title="bbox 124 434 1323 520; baseline 0.002 -22"><span class='ocrx_word' id='word_1_21' title='bbox 124 460 139 498; x_wconf 83' lang='lat' dir='ltr'>a</span> <span class='ocrx_word' id='word_1_22' title='bbox 153 438 352 504; x_wconf 78' lang='lat' dir='ltr'>dissimilem.</span> <span class='ocrx_word' id='word_1_23' title='bbox 377 434 451 501; x_wconf 92' lang='lat' dir='ltr'>Una</span> <span class='ocrx_word' id='word_1_24' title='bbox 466 441 516 501; x_wconf 90' lang='lat' dir='ltr'>est</span> <span class='ocrx_word' id='word_1_25' title='bbox 530 458 583 501; x_wconf 91' lang='lat' dir='ltr'>ars</span> <span class='ocrx_word' id='word_1_26' title='bbox 598 435 746 518; x_wconf 90' lang='lat' dir='ltr'>ratioque</span> <span class='ocrx_word' id='word_1_27' title='bbox 760 437 914 520; x_wconf 87' lang='lat' dir='ltr'>picturae,</span> <span class='ocrx_word' id='word_1_28' title='bbox 928 434 1199 520; x_wconf 86' lang='lat' dir='ltr'>dissimillimique</span> <span class='ocrx_word' id='word_1_29' title='bbox 1212 438 1323 501; x_wconf 89' lang='lat' dir='ltr'>tamen</span> 
     </span>
     <span class='ocr_line' id='line_1_4' title="bbox 151 523 1324 610; baseline -0.003 -18"><span class='ocrx_word' id='word_1_30' title='bbox 151 529 238 592; x_wconf 91' lang='lat' dir='ltr'>inter</span> <span class='ocrx_word' id='word_1_31' title='bbox 256 548 290 591; x_wconf 92' lang='lat' dir='ltr'>se</span> <span class='ocrx_word' id='word_1_32' title='bbox 305 525 430 605; x_wconf 84' lang='lat' dir='ltr'>Zeuxis,</span> <span class='ocrx_word' id='word_1_33' title='bbox 449 524 655 610; x_wconf 82' lang='lat' dir='ltr'>Aglaophon,</span> <span class='ocrx_word' id='word_1_34' title='bbox 672 523 821 608; x_wconf 89' lang='lat' dir='ltr'>Apelles;</span> <span class='ocrx_word' id='word_1_35' title='bbox 839 545 942 609; x_wconf 89' lang='lat' dir='ltr'>nequa</span> <span class='ocrx_word' id='word_1_36' title='bbox 961 546 1073 589; x_wconf 90' lang='lat' dir='ltr'>eorum</span> <span class='ocrx_word' id='word_1_37' title='bbox 1087 525 1259 608; x_wconf 89' lang='lat' dir='ltr'>quisquam</span> <span class='ocrx_word' id='word_1_38' title='bbox 1273 528 1324 589; x_wconf 87' lang='lat' dir='ltr'>est</span> 
     </span>
     <span class='ocr_line' id='line_1_5' title="bbox 153 612 1323 702; baseline -0.001 -21"><span class='ocrx_word' id='word_1_39' title='bbox 153 616 205 682; x_wconf 90' lang='lat' dir='ltr'>cui</span> <span class='ocrx_word' id='word_1_40' title='bbox 224 615 398 702; x_wconf 90' lang='lat' dir='ltr'>quidquam</span> <span class='ocrx_word' id='word_1_41' title='bbox 417 615 452 679; x_wconf 93' lang='lat' dir='ltr'>in</span> <span class='ocrx_word' id='word_1_42' title='bbox 471 617 541 678; x_wconf 89' lang='lat' dir='ltr'>arta</span> <span class='ocrx_word' id='word_1_43' title='bbox 561 635 620 678; x_wconf 91' lang='lat' dir='ltr'>sua</span> <span class='ocrx_word' id='word_1_44' title='bbox 634 612 744 678; x_wconf 88' lang='lat' dir='ltr'>deesse</span> <span class='ocrx_word' id='word_1_45' title='bbox 759 613 915 678; x_wconf 82' lang='lat' dir='ltr'>rideatur.</span> <span class='ocrx_word' id='word_1_46' title='bbox 937 612 983 677; x_wconf 85' lang='lat' dir='ltr'>Et</span> <span class='ocrx_word' id='word_1_47' title='bbox 997 613 1025 677; x_wconf 92' lang='lat' dir='ltr'>si</span> <span class='ocrx_word' id='word_1_48' title='bbox 1038 612 1101 678; x_wconf 90' lang='lat' dir='ltr'>hoc</span> <span class='ocrx_word' id='word_1_49' title='bbox 1115 613 1150 677; x_wconf 91' lang='lat' dir='ltr'>in</span> <span class='ocrx_word' id='word_1_50' title='bbox 1164 612 1216 677; x_wconf 88' lang='lat' dir='ltr'>his</span> <span class='ocrx_word' id='word_1_51' title='bbox 1230 613 1323 698; x_wconf 82' lang='lat' dir='ltr'>quasi</span> 
     </span>
     <span class='ocr_line' id='line_1_6' title="bbox 153 701 1324 787; baseline -0.003 -17"><span class='ocrx_word' id='word_1_52' title='bbox 153 705 252 770; x_wconf 90' lang='lat' dir='ltr'>mutis</span> <span class='ocrx_word' id='word_1_53' title='bbox 277 704 401 769; x_wconf 89' lang='lat' dir='ltr'>artibus</span> <span class='ocrx_word' id='word_1_54' title='bbox 421 706 471 767; x_wconf 90' lang='lat' dir='ltr'>est</span> <span class='ocrx_word' id='word_1_55' title='bbox 494 703 676 767; x_wconf 86' lang='lat' dir='ltr'>mirandum</span> <span class='ocrx_word' id='word_1_56' title='bbox 699 706 732 766; x_wconf 90' lang='lat' dir='ltr'>et</span> <span class='ocrx_word' id='word_1_57' title='bbox 754 706 863 767; x_wconf 90' lang='lat' dir='ltr'>tamen</span> <span class='ocrx_word' id='word_1_58' title='bbox 886 724 1011 785; x_wconf 82' lang='lat' dir='ltr'>verum,</span> <span class='ocrx_word' id='word_1_59' title='bbox 1041 704 1162 787; x_wconf 89' lang='lat' dir='ltr'>quanto</span> <span class='ocrx_word' id='word_1_60' title='bbox 1187 701 1324 767; x_wconf 90' lang='lat' dir='ltr'>admira-</span> 
     </span>
     <span class='ocr_line' id='line_1_7' title="bbox 152 790 1323 875; baseline -0.002 -17"><span class='ocrx_word' id='word_1_61' title='bbox 152 793 250 859; x_wconf 86' lang='lat' dir='ltr'>bilius</span> <span class='ocrx_word' id='word_1_62' title='bbox 273 794 308 858; x_wconf 93' lang='lat' dir='ltr'>in</span> <span class='ocrx_word' id='word_1_63' title='bbox 332 793 477 858; x_wconf 91' lang='lat' dir='ltr'>oratione</span> <span class='ocrx_word' id='word_1_64' title='bbox 501 795 598 875; x_wconf 89' lang='lat' dir='ltr'>atqua</span> <span class='ocrx_word' id='word_1_65' title='bbox 621 791 656 855; x_wconf 91' lang='lat' dir='ltr'>in</span> <span class='ocrx_word' id='word_1_66' title='bbox 681 791 815 875; x_wconf 81' lang='lat' dir='ltr'>lingua?</span> <span class='ocrx_word' id='word_1_67' title='bbox 844 813 927 875; x_wconf 90' lang='lat' dir='ltr'>quae</span> <span class='ocrx_word' id='word_1_68' title='bbox 950 792 1080 856; x_wconf 90' lang='lat' dir='ltr'>cumin</span> <span class='ocrx_word' id='word_1_69' title='bbox 1108 790 1229 855; x_wconf 86' lang='lat' dir='ltr'>eisdem</span> <span class='ocrx_word' id='word_1_70' title='bbox 1253 812 1323 856; x_wconf 89' lang='lat' dir='ltr'>san-</span> 
     </span>
     <span class='ocr_line' id='line_1_8' title="bbox 152 879 1324 965; baseline 0 -19"><span class='ocrx_word' id='word_1_71' title='bbox 152 882 265 946; x_wconf 75' lang='lat' dir='ltr'>tentiis</span> <span class='ocrx_word' id='word_1_72' title='bbox 288 881 459 965; x_wconf 82' lang='lat' dir='ltr'>verbisque</span> <span class='ocrx_word' id='word_1_73' title='bbox 482 884 637 962; x_wconf 74' lang='lat' dir='ltr'>versetur,</span> <span class='ocrx_word' id='word_1_74' title='bbox 660 901 803 944; x_wconf 89' lang='lat' dir='ltr'>summas</span> <span class='ocrx_word' id='word_1_75' title='bbox 821 880 923 945; x_wconf 90' lang='lat' dir='ltr'>habet</span> <span class='ocrx_word' id='word_1_76' title='bbox 941 879 1233 964; x_wconf 68' lang='lat' dir='ltr'>dissimilitudines,</span> <span class='ocrx_word' id='word_1_77' title='bbox 1256 902 1324 946; x_wconf 90' lang='lat' dir='ltr'>non</span> 
     </span>
    </p>

    <p class='ocr_par' dir='ltr' id='par_1_4' title="bbox 126 968 1374 1143">
     <span class='ocr_line' id='line_1_9' title="bbox 126 968 1323 1055; baseline 0.003 -24"><span class='ocrx_word' id='word_1_78' title='bbox 126 971 208 1055; x_wconf 86' lang='lat' dir='ltr'>asic,</span> <span class='ocrx_word' id='word_1_79' title='bbox 232 975 269 1035; x_wconf 96' lang='lat' dir='ltr'>ut</span> <span class='ocrx_word' id='word_1_80' title='bbox 292 970 349 1035; x_wconf 94' lang='lat' dir='ltr'>alii</span> <span class='ocrx_word' id='word_1_81' title='bbox 371 968 574 1053; x_wconf 83' lang='lat' dir='ltr'>vituperandi</span> <span class='ocrx_word' id='word_1_82' title='bbox 597 968 676 1049; x_wconf 87' lang='lat' dir='ltr'>sint,</span> <span class='ocrx_word' id='word_1_83' title='bbox 699 968 755 1033; x_wconf 89' lang='lat' dir='ltr'>sed</span> <span class='ocrx_word' id='word_1_84' title='bbox 777 972 815 1033; x_wconf 89' lang='lat' dir='ltr'>ut</span> <span class='ocrx_word' id='word_1_85' title='bbox 838 969 883 1053; x_wconf 90' lang='lat' dir='ltr'>ei,</span> <span class='ocrx_word' id='word_1_86' title='bbox 904 990 987 1052; x_wconf 90' lang='lat' dir='ltr'>quos</span> <span class='ocrx_word' id='word_1_87' title='bbox 1010 971 1138 1033; x_wconf 87' lang='lat' dir='ltr'>constet</span> <span class='ocrx_word' id='word_1_88' title='bbox 1161 989 1232 1033; x_wconf 89' lang='lat' dir='ltr'>asse</span> <span class='ocrx_word' id='word_1_89' title='bbox 1254 968 1323 1034; x_wconf 90' lang='lat' dir='ltr'>lau·</span> 
     </span>
     <span class='ocr_line' id='line_1_10' title="bbox 154 1056 1374 1143; baseline 0 -19"><span class='ocrx_word' id='word_1_90' title='bbox 154 1059 286 1143; x_wconf 91' lang='lat' dir='ltr'>dandos,</span> <span class='ocrx_word' id='word_1_91' title='bbox 309 1060 344 1123; x_wconf 92' lang='lat' dir='ltr'>in</span> <span class='ocrx_word' id='word_1_92' title='bbox 367 1058 489 1141; x_wconf 80' lang='lat' dir='ltr'>dispari</span> <span class='ocrx_word' id='word_1_93' title='bbox 510 1061 622 1123; x_wconf 92' lang='lat' dir='ltr'>tamen</span> <span class='ocrx_word' id='word_1_94' title='bbox 644 1078 761 1142; x_wconf 82' lang='lat' dir='ltr'>genere</span> <span class='ocrx_word' id='word_1_95' title='bbox 783 1057 963 1122; x_wconf 82' lang='lat' dir='ltr'>laudentur.</span> <span class='ocrx_word' id='word_1_96' title='bbox 1000 1057 1108 1142; x_wconf 83' lang='lat' dir='ltr'>Atque</span> <span class='ocrx_word' id='word_1_97' title='bbox 1126 1056 1159 1121; x_wconf 90' lang='lat' dir='ltr'>id</span> <span class='ocrx_word' id='word_1_98' title='bbox 1181 1058 1322 1141; x_wconf 90' lang='lat' dir='ltr'>primum</span> <span class='ocrx_word' id='word_1_99' title='bbox 1341 1074 1374 1124; x_wconf 76' lang='lat'>27</span> 
     </span>
    </p>

    <p class='ocr_par' dir='ltr' id='par_1_5' title="bbox 115 1146 1323 1233">
     <span class='ocr_line' id='line_1_11' title="bbox 115 1146 1323 1233; baseline 0.002 -25"><span class='ocrx_word' id='word_1_100' title='bbox 115 1169 140 1208; x_wconf 77' lang='lat' dir='ltr'>ro</span> <span class='ocrx_word' id='word_1_101' title='bbox 153 1149 188 1214; x_wconf 92' lang='lat' dir='ltr'>in</span> <span class='ocrx_word' id='word_1_102' title='bbox 211 1148 318 1233; x_wconf 82' lang='lat' dir='ltr'>po‘e&#39;tis</span> <span class='ocrx_word' id='word_1_103' title='bbox 341 1148 429 1212; x_wconf 86' lang='lat' dir='ltr'>cerni</span> <span class='ocrx_word' id='word_1_104' title='bbox 450 1147 539 1225; x_wconf 88' lang='lat' dir='ltr'>lieet,</span> <span class='ocrx_word' id='word_1_105' title='bbox 562 1146 679 1231; x_wconf 91' lang='lat' dir='ltr'>quibus</span> <span class='ocrx_word' id='word_1_106' title='bbox 703 1151 753 1212; x_wconf 90' lang='lat' dir='ltr'>est</span> <span class='ocrx_word' id='word_1_107' title='bbox 775 1147 923 1232; x_wconf 89' lang='lat' dir='ltr'>proxima</span> <span class='ocrx_word' id='word_1_108' title='bbox 946 1148 1097 1232; x_wconf 79' lang='lat' dir='ltr'>cognatio</span> <span class='ocrx_word' id='word_1_109' title='bbox 1120 1168 1193 1211; x_wconf 90' lang='lat' dir='ltr'>cum</span> <span class='ocrx_word' id='word_1_110' title='bbox 1217 1150 1323 1212; x_wconf 91' lang='lat' dir='ltr'>orato·</span> 
     </span>
    </p>

    <p class='ocr_par' dir='ltr' id='par_1_6' title="bbox 115 1234 1376 1588">
     <span class='ocr_line' id='line_1_12' title="bbox 115 1234 1323 1320; baseline 0.002 -24"><span class='ocrx_word' id='word_1_111' title='bbox 115 1238 252 1319; x_wconf 79' lang='lat' dir='ltr'>nribus,</span> <span class='ocrx_word' id='word_1_112' title='bbox 276 1258 374 1320; x_wconf 90' lang='lat' dir='ltr'>quam</span> <span class='ocrx_word' id='word_1_113' title='bbox 397 1236 463 1300; x_wconf 92' lang='lat' dir='ltr'>sint</span> <span class='ocrx_word' id='word_1_114' title='bbox 485 1236 571 1300; x_wconf 87' lang='lat' dir='ltr'>inter</span> <span class='ocrx_word' id='word_1_115' title='bbox 593 1256 663 1300; x_wconf 89' lang='lat' dir='ltr'>sese</span> <span class='ocrx_word' id='word_1_116' title='bbox 686 1235 822 1320; x_wconf 81' lang='lat' dir='ltr'>Ennius,</span> <span class='ocrx_word' id='word_1_117' title='bbox 844 1235 1004 1302; x_wconf 85' lang='lat' dir='ltr'>Pacuvius</span> <span class='ocrx_word' id='word_1_118' title='bbox 1027 1234 1206 1319; x_wconf 79' lang='lat' dir='ltr'>Acciusque</span> <span class='ocrx_word' id='word_1_119' title='bbox 1229 1235 1323 1301; x_wconf 88' lang='lat' dir='ltr'>dissi-</span> 
     </span>
     <span class='ocr_line' id='line_1_13' title="bbox 153 1323 1323 1410; baseline -0.002 -20"><span class='ocrx_word' id='word_1_120' title='bbox 153 1327 259 1408; x_wconf 80' lang='lat' dir='ltr'>miles3</span> <span class='ocrx_word' id='word_1_121' title='bbox 289 1347 386 1410; x_wconf 89' lang='lat' dir='ltr'>quam</span> <span class='ocrx_word' id='word_1_122' title='bbox 414 1325 499 1409; x_wconf 89' lang='lat' dir='ltr'>apud</span> <span class='ocrx_word' id='word_1_123' title='bbox 527 1323 669 1390; x_wconf 84' lang='lat' dir='ltr'>Graecos</span> <span class='ocrx_word' id='word_1_124' title='bbox 697 1323 895 1407; x_wconf 88' lang='lat' dir='ltr'>Aeschylus,</span> <span class='ocrx_word' id='word_1_125' title='bbox 923 1323 1112 1407; x_wconf 86' lang='lat' dir='ltr'>Sophocles,</span> <span class='ocrx_word' id='word_1_126' title='bbox 1141 1324 1323 1408; x_wconf 81' lang='lat' dir='ltr'>Euripides,</span> 
     </span>
     <span class='ocr_line' id='line_1_14' title="bbox 153 1412 1323 1500; baseline -0.003 -20"><span class='ocrx_word' id='word_1_127' title='bbox 153 1436 347 1500; x_wconf 90' lang='lat' dir='ltr'>quamquam</span> <span class='ocrx_word' id='word_1_128' title='bbox 363 1414 513 1479; x_wconf 89' lang='lat' dir='ltr'>omnibus</span> <span class='ocrx_word' id='word_1_129' title='bbox 527 1434 587 1497; x_wconf 90' lang='lat' dir='ltr'>par</span> <span class='ocrx_word' id='word_1_130' title='bbox 604 1434 706 1497; x_wconf 88' lang='lat' dir='ltr'>paene</span> <span class='ocrx_word' id='word_1_131' title='bbox 725 1413 796 1479; x_wconf 89' lang='lat' dir='ltr'>laus</span> <span class='ocrx_word' id='word_1_132' title='bbox 810 1412 844 1478; x_wconf 93' lang='lat' dir='ltr'>in</span> <span class='ocrx_word' id='word_1_133' title='bbox 860 1413 1011 1478; x_wconf 90' lang='lat' dir='ltr'>dissimili</span> <span class='ocrx_word' id='word_1_134' title='bbox 1025 1413 1187 1478; x_wconf 91' lang='lat' dir='ltr'>scribendi</span> <span class='ocrx_word' id='word_1_135' title='bbox 1205 1434 1323 1498; x_wconf 84' lang='lat' dir='ltr'>genere</span> 
     </span>
     <span class='ocr_line' id='line_1_15' title="bbox 153 1502 1376 1588; baseline -0.002 -20"><span class='ocrx_word' id='word_1_136' title='bbox 153 1503 325 1568; x_wconf 88' lang='lat' dir='ltr'>tribuatur.</span> <span class='ocrx_word' id='word_1_137' title='bbox 358 1503 503 1588; x_wconf 90' lang='lat' dir='ltr'>Aspicite</span> <span class='ocrx_word' id='word_1_138' title='bbox 522 1524 609 1567; x_wconf 88' lang='lat' dir='ltr'>nune</span> <span class='ocrx_word' id='word_1_139' title='bbox 627 1522 683 1567; x_wconf 89' lang='lat' dir='ltr'>eos</span> <span class='ocrx_word' id='word_1_140' title='bbox 701 1502 850 1567; x_wconf 89' lang='lat' dir='ltr'>homines</span> <span class='ocrx_word' id='word_1_141' title='bbox 869 1506 965 1587; x_wconf 89' lang='lat' dir='ltr'>atque</span> <span class='ocrx_word' id='word_1_142' title='bbox 984 1503 1164 1586; x_wconf 88' lang='lat' dir='ltr'>intuemini,</span> <span class='ocrx_word' id='word_1_143' title='bbox 1188 1523 1324 1585; x_wconf 93' lang='lat' dir='ltr'>quorum</span> <span class='ocrx_word' id='word_1_144' title='bbox 1343 1517 1376 1566; x_wconf 77' lang='lat' dir='ltr'>aa</span> 
     </span>
    </p>

    <p class='ocr_par' dir='ltr' id='par_1_7' title="bbox 116 1590 1325 1765">
     <span class='ocr_line' id='line_1_16' title="bbox 116 1590 1325 1676; baseline 0.002 -23"><span class='ocrx_word' id='word_1_145' title='bbox 116 1613 142 1653; x_wconf 78' lang='lat' dir='ltr'>rs</span> <span class='ocrx_word' id='word_1_146' title='bbox 156 1591 195 1657; x_wconf 94' lang='lat' dir='ltr'>de</span> <span class='ocrx_word' id='word_1_147' title='bbox 222 1592 377 1657; x_wconf 87' lang='lat' dir='ltr'>facultate</span> <span class='ocrx_word' id='word_1_148' title='bbox 410 1592 606 1676; x_wconf 88' lang='lat' dir='ltr'>quaerimus,</span> <span class='ocrx_word' id='word_1_149' title='bbox 640 1590 716 1674; x_wconf 92' lang='lat' dir='ltr'>quid</span> <span class='ocrx_word' id='word_1_150' title='bbox 748 1590 879 1656; x_wconf 88' lang='lat' dir='ltr'>intersit</span> <span class='ocrx_word' id='word_1_151' title='bbox 908 1592 993 1655; x_wconf 87' lang='lat' dir='ltr'>inter</span> <span class='ocrx_word' id='word_1_152' title='bbox 1023 1595 1188 1656; x_wconf 90' lang='lat' dir='ltr'>oratorum</span> <span class='ocrx_word' id='word_1_153' title='bbox 1218 1591 1325 1656; x_wconf 89' lang='lat' dir='ltr'>studia</span> 
     </span>
     <span class='ocr_line' id='line_1_17' title="bbox 155 1679 1325 1765; baseline -0.002 -19"><span class='ocrx_word' id='word_1_154' title='bbox 155 1684 251 1765; x_wconf 87' lang='lat' dir='ltr'>atque</span> <span class='ocrx_word' id='word_1_155' title='bbox 264 1685 407 1747; x_wconf 89' lang='lat' dir='ltr'>naturas.</span> <span class='ocrx_word' id='word_1_156' title='bbox 430 1679 630 1746; x_wconf 85' lang='lat' dir='ltr'>Suavitatem</span> <span class='ocrx_word' id='word_1_157' title='bbox 643 1679 813 1764; x_wconf 87' lang='lat' dir='ltr'>Isocrates,</span> <span class='ocrx_word' id='word_1_158' title='bbox 827 1679 1041 1744; x_wconf 90' lang='lat' dir='ltr'>subtilitatem</span> <span class='ocrx_word' id='word_1_159' title='bbox 1052 1679 1176 1765; x_wconf 84' lang='lat' dir='ltr'>Lysias,</span> <span class='ocrx_word' id='word_1_160' title='bbox 1190 1701 1325 1744; x_wconf 90' lang='lat' dir='ltr'>acumen</span> 
     </span>
    </p>

    <p class='ocr_par' dir='ltr' id='par_1_8' title="bbox 115 1767 1324 1855">
     <span class='ocr_line' id='line_1_18' title="bbox 115 1767 1324 1855; baseline 0.002 -25"><span class='ocrx_word' id='word_1_161' title='bbox 115 1791 140 1830; x_wconf 83' lang='lat' dir='ltr'>u</span> <span class='ocrx_word' id='word_1_162' title='bbox 154 1769 345 1855; x_wconf 83' lang='lat' dir='ltr'>Hyperides,</span> <span class='ocrx_word' id='word_1_163' title='bbox 367 1769 510 1835; x_wconf 90' lang='lat' dir='ltr'>sonitum</span> <span class='ocrx_word' id='word_1_164' title='bbox 528 1768 717 1854; x_wconf 83' lang='lat' dir='ltr'>Aeschines,</span> <span class='ocrx_word' id='word_1_165' title='bbox 739 1768 806 1833; x_wconf 82' lang='lat' dir='ltr'>vim</span> <span class='ocrx_word' id='word_1_166' title='bbox 824 1768 1061 1833; x_wconf 88' lang='lat' dir='ltr'>Demosthenes</span> <span class='ocrx_word' id='word_1_167' title='bbox 1083 1769 1207 1834; x_wconf 90' lang='lat' dir='ltr'>habuit.</span> <span class='ocrx_word' id='word_1_168' title='bbox 1245 1767 1324 1844; x_wconf 85' lang='lat' dir='ltr'>Quis</span> 
     </span>
    </p>

    <p class='ocr_par' dir='ltr' id='par_1_9' title="bbox 116 1857 1411 2387">
     <span class='ocr_line' id='line_1_19' title="bbox 116 1857 1324 1944; baseline 0.002 -26"><span class='ocrx_word' id='word_1_169' title='bbox 116 1879 143 1919; x_wconf 73' lang='lat' dir='ltr'>ss</span> <span class='ocrx_word' id='word_1_170' title='bbox 156 1881 266 1924; x_wconf 90' lang='lat' dir='ltr'>eorum</span> <span class='ocrx_word' id='word_1_171' title='bbox 288 1881 355 1924; x_wconf 92' lang='lat' dir='ltr'>non</span> <span class='ocrx_word' id='word_1_172' title='bbox 378 1859 551 1944; x_wconf 84' lang='lat' dir='ltr'>egregius?</span> <span class='ocrx_word' id='word_1_173' title='bbox 578 1862 689 1923; x_wconf 90' lang='lat' dir='ltr'>tamen</span> <span class='ocrx_word' id='word_1_174' title='bbox 712 1857 785 1942; x_wconf 91' lang='lat' dir='ltr'>quis</span> <span class='ocrx_word' id='word_1_175' title='bbox 809 1858 998 1941; x_wconf 88' lang='lat' dir='ltr'>cuiusquam</span> <span class='ocrx_word' id='word_1_176' title='bbox 1021 1857 1085 1922; x_wconf 90' lang='lat' dir='ltr'>nisi</span> <span class='ocrx_word' id='word_1_177' title='bbox 1113 1859 1163 1922; x_wconf 92' lang='lat' dir='ltr'>sui</span> <span class='ocrx_word' id='word_1_178' title='bbox 1187 1857 1324 1922; x_wconf 86' lang='lat' dir='ltr'>similis?</span> 
     </span>
     <span class='ocr_line' id='line_1_20' title="bbox 154 1945 1323 2031; baseline -0.003 -18"><span class='ocrx_word' id='word_1_179' title='bbox 154 1946 355 2013; x_wconf 85' lang='lat' dir='ltr'>Gravitatem</span> <span class='ocrx_word' id='word_1_180' title='bbox 383 1947 571 2030; x_wconf 87' lang='lat' dir='ltr'>Africanus,</span> <span class='ocrx_word' id='word_1_181' title='bbox 602 1947 771 2012; x_wconf 87' lang='lat' dir='ltr'>lenitatem</span> <span class='ocrx_word' id='word_1_182' title='bbox 798 1946 941 2031; x_wconf 85' lang='lat' dir='ltr'>Laelius,</span> <span class='ocrx_word' id='word_1_183' title='bbox 974 1947 1181 2030; x_wconf 89' lang='lat' dir='ltr'>asperitatem</span> <span class='ocrx_word' id='word_1_184' title='bbox 1210 1945 1323 2029; x_wconf 83' lang='lat' dir='ltr'>Galba,</span> 
     </span>
     <span class='ocr_line' id='line_1_21' title="bbox 153 2033 1323 2120; baseline 0.002 -22"><span class='ocrx_word' id='word_1_185' title='bbox 153 2035 316 2119; x_wconf 88' lang='lat' dir='ltr'>profluens</span> <span class='ocrx_word' id='word_1_186' title='bbox 341 2035 492 2120; x_wconf 92' lang='lat' dir='ltr'>quiddam</span> <span class='ocrx_word' id='word_1_187' title='bbox 516 2035 633 2100; x_wconf 92' lang='lat' dir='ltr'>habuit</span> <span class='ocrx_word' id='word_1_188' title='bbox 652 2033 758 2100; x_wconf 83' lang='lat' dir='ltr'>Carbo</span> <span class='ocrx_word' id='word_1_189' title='bbox 783 2038 816 2100; x_wconf 89' lang='lat' dir='ltr'>et</span> <span class='ocrx_word' id='word_1_190' title='bbox 834 2057 994 2101; x_wconf 90' lang='lat' dir='ltr'>canorum.</span> <span class='ocrx_word' id='word_1_191' title='bbox 1026 2035 1104 2112; x_wconf 80' lang='lat' dir='ltr'>Quis</span> <span class='ocrx_word' id='word_1_192' title='bbox 1122 2036 1239 2102; x_wconf 90' lang='lat' dir='ltr'>horum</span> <span class='ocrx_word' id='word_1_193' title='bbox 1256 2057 1323 2101; x_wconf 91' lang='lat' dir='ltr'>non</span> 
     </span>
     <span class='ocr_line' id='line_1_22' title="bbox 153 2123 1324 2209; baseline 0 -21"><span class='ocrx_word' id='word_1_194' title='bbox 153 2124 302 2208; x_wconf 89' lang='lat' dir='ltr'>princeps</span> <span class='ocrx_word' id='word_1_195' title='bbox 321 2125 521 2209; x_wconf 89' lang='lat' dir='ltr'>temporibus</span> <span class='ocrx_word' id='word_1_196' title='bbox 544 2124 610 2189; x_wconf 92' lang='lat' dir='ltr'>illis</span> <span class='ocrx_word' id='word_1_197' title='bbox 633 2123 718 2189; x_wconf 86' lang='lat' dir='ltr'>fuit?</span> <span class='ocrx_word' id='word_1_198' title='bbox 742 2128 851 2189; x_wconf 85' lang='lat' dir='ltr'>atauo</span> <span class='ocrx_word' id='word_1_199' title='bbox 870 2129 982 2189; x_wconf 86' lang='lat' dir='ltr'>tamen</span> <span class='ocrx_word' id='word_1_200' title='bbox 1001 2125 1135 2209; x_wconf 90' lang='lat' dir='ltr'>quisque</span> <span class='ocrx_word' id='word_1_201' title='bbox 1154 2125 1189 2190; x_wconf 92' lang='lat' dir='ltr'>in</span> <span class='ocrx_word' id='word_1_202' title='bbox 1207 2144 1324 2209; x_wconf 87' lang='lat' dir='ltr'>genere</span> 
     </span>
     <span class='ocr_line' id='line_1_23' title="bbox 153 2211 1411 2300; baseline -0.005 -22"><span class='ocrx_word' id='word_1_203' title='bbox 153 2214 314 2298; x_wconf 89' lang='lat' dir='ltr'>princeps.</span> <span class='ocrx_word' id='word_1_204' title='bbox 346 2211 409 2279; x_wconf 79' lang='lat' dir='ltr'>Sed</span> <span class='ocrx_word' id='word_1_205' title='bbox 433 2214 508 2300; x_wconf 89' lang='lat' dir='ltr'>quid</span> <span class='ocrx_word' id='word_1_206' title='bbox 532 2234 593 2299; x_wconf 95' lang='lat' dir='ltr'>ego</span> <span class='ocrx_word' id='word_1_207' title='bbox 616 2216 727 2278; x_wconf 86' lang='lat' dir='ltr'>vetera</span> <span class='ocrx_word' id='word_1_208' title='bbox 749 2213 947 2298; x_wconf 88' lang='lat' dir='ltr'>conquiram,</span> <span class='ocrx_word' id='word_1_209' title='bbox 969 2235 1042 2278; x_wconf 93' lang='lat' dir='ltr'>cum</span> <span class='ocrx_word' id='word_1_210' title='bbox 1060 2213 1141 2277; x_wconf 91' lang='lat' dir='ltr'>mihi</span> <span class='ocrx_word' id='word_1_211' title='bbox 1159 2214 1256 2278; x_wconf 87' lang='lat' dir='ltr'>liceat</span> <span class='ocrx_word' id='word_1_212' title='bbox 1273 2214 1322 2279; x_wconf 93' lang='lat' dir='ltr'>uti</span> <span class='ocrx_word' id='word_1_213' title='bbox 1341 2221 1359 2276; x_wconf 91' lang='lat'>8</span> <span class='ocrx_word' id='word_1_214' title='bbox 1377 2225 1411 2273; x_wconf 80' lang='lat' dir='ltr'>aa</span> 
     </span>
     <span class='ocr_line' id='line_1_24' title="bbox 152 2301 1323 2387; baseline -0.001 -19"><span class='ocrx_word' id='word_1_215' title='bbox 152 2303 376 2387; x_wconf 89' lang='lat' dir='ltr'>praesentibus</span> <span class='ocrx_word' id='word_1_216' title='bbox 411 2303 566 2387; x_wconf 92' lang='lat' dir='ltr'>exemplis</span> <span class='ocrx_word' id='word_1_217' title='bbox 600 2308 697 2387; x_wconf 91' lang='lat' dir='ltr'>atque</span> <span class='ocrx_word' id='word_1_218' title='bbox 729 2302 830 2367; x_wconf 82' lang='lat' dir='ltr'>viria?</span> <span class='ocrx_word' id='word_1_219' title='bbox 877 2301 959 2379; x_wconf 80' lang='lat' dir='ltr'>Quid</span> <span class='ocrx_word' id='word_1_220' title='bbox 987 2301 1158 2367; x_wconf 91' lang='lat' dir='ltr'>iucundius</span> <span class='ocrx_word' id='word_1_221' title='bbox 1191 2302 1323 2367; x_wconf 86' lang='lat' dir='ltr'>auribus</span> 
     </span>
    </p>
   </div>
   <div class='ocr_carea' id='block_1_3' title="bbox 152 2387 1375 3007">
    <p class='ocr_par' dir='ltr' id='par_1_10' title="bbox 152 2387 1375 3007">
     <span class='ocr_line' id='line_1_25' title="bbox 152 2387 1323 2476; baseline 0 -21"><span class='ocrx_word' id='word_1_222' title='bbox 152 2392 274 2457; x_wconf 90' lang='lat' dir='ltr'>nostris</span> <span class='ocrx_word' id='word_1_223' title='bbox 297 2414 450 2476; x_wconf 89' lang='lat' dir='ltr'>umquam</span> <span class='ocrx_word' id='word_1_224' title='bbox 475 2391 592 2457; x_wconf 89' lang='lat' dir='ltr'>accidit</span> <span class='ocrx_word' id='word_1_225' title='bbox 614 2391 711 2456; x_wconf 92' lang='lat' dir='ltr'>huius</span> <span class='ocrx_word' id='word_1_226' title='bbox 735 2391 881 2456; x_wconf 86' lang='lat' dir='ltr'>oratione</span> <span class='ocrx_word' id='word_1_227' title='bbox 905 2387 1036 2455; x_wconf 78' lang='lat' dir='ltr'>Catuli?</span> <span class='ocrx_word' id='word_1_228' title='bbox 1064 2412 1146 2475; x_wconf 90' lang='lat' dir='ltr'>quae</span> <span class='ocrx_word' id='word_1_229' title='bbox 1170 2394 1219 2455; x_wconf 90' lang='lat' dir='ltr'>est</span> <span class='ocrx_word' id='word_1_230' title='bbox 1241 2412 1323 2474; x_wconf 88' lang='lat' dir='ltr'>pura</span> 
     </span>
     <span class='ocr_line' id='line_1_26' title="bbox 154 2479 1324 2567; baseline 0 -24"><span class='ocrx_word' id='word_1_231' title='bbox 154 2479 209 2563; x_wconf 90' lang='lat' dir='ltr'>sic,</span> <span class='ocrx_word' id='word_1_232' title='bbox 230 2485 267 2544; x_wconf 91' lang='lat' dir='ltr'>ut</span> <span class='ocrx_word' id='word_1_233' title='bbox 286 2479 402 2544; x_wconf 87' lang='lat' dir='ltr'>Latine</span> <span class='ocrx_word' id='word_1_234' title='bbox 426 2481 515 2563; x_wconf 95' lang='lat' dir='ltr'>loqui</span> <span class='ocrx_word' id='word_1_235' title='bbox 538 2501 639 2563; x_wconf 88' lang='lat' dir='ltr'>paene</span> <span class='ocrx_word' id='word_1_236' title='bbox 664 2480 751 2544; x_wconf 89' lang='lat' dir='ltr'>solus</span> <span class='ocrx_word' id='word_1_237' title='bbox 774 2480 930 2567; x_wconf 81' lang='lat' dir='ltr'>videatur,</span> <span class='ocrx_word' id='word_1_238' title='bbox 953 2480 999 2545; x_wconf 89' lang='lat' dir='ltr'>sic</span> <span class='ocrx_word' id='word_1_239' title='bbox 1022 2482 1130 2544; x_wconf 91' lang='lat' dir='ltr'>autem</span> <span class='ocrx_word' id='word_1_240' title='bbox 1148 2479 1266 2564; x_wconf 86' lang='lat' dir='ltr'>gravis,</span> <span class='ocrx_word' id='word_1_241' title='bbox 1286 2482 1324 2544; x_wconf 87' lang='lat' dir='ltr'>ut</span> 
     </span>
     <span class='ocr_line' id='line_1_27' title="bbox 154 2566 1322 2652; baseline 0.003 -23"><span class='ocrx_word' id='word_1_242' title='bbox 154 2566 189 2629; x_wconf 93' lang='lat' dir='ltr'>in</span> <span class='ocrx_word' id='word_1_243' title='bbox 212 2567 370 2650; x_wconf 88' lang='lat' dir='ltr'>singulari</span> <span class='ocrx_word' id='word_1_244' title='bbox 392 2567 550 2649; x_wconf 86' lang='lat' dir='ltr'>dignitate</span> <span class='ocrx_word' id='word_1_245' title='bbox 575 2569 680 2632; x_wconf 91' lang='lat' dir='ltr'>omnis</span> <span class='ocrx_word' id='word_1_246' title='bbox 703 2571 812 2633; x_wconf 89' lang='lat' dir='ltr'>tamen</span> <span class='ocrx_word' id='word_1_247' title='bbox 837 2567 922 2632; x_wconf 88' lang='lat' dir='ltr'>adsit</span> <span class='ocrx_word' id='word_1_248' title='bbox 949 2568 1137 2634; x_wconf 87' lang='lat' dir='ltr'>humanitas</span> <span class='ocrx_word' id='word_1_249' title='bbox 1161 2591 1199 2634; x_wconf 89' lang='lat' dir='ltr'>ac</span> <span class='ocrx_word' id='word_1_250' title='bbox 1221 2568 1322 2652; x_wconf 89' lang='lat' dir='ltr'>lepos.</span> 
     </span>
     <span class='ocr_line' id='line_1_28' title="bbox 155 2651 1324 2740; baseline 0.003 -24"><span class='ocrx_word' id='word_1_251' title='bbox 155 2651 239 2728; x_wconf 82' lang='lat' dir='ltr'>Quid</span> <span class='ocrx_word' id='word_1_252' title='bbox 261 2654 386 2718; x_wconf 84' lang='lat' dir='ltr'>multa?</span> <span class='ocrx_word' id='word_1_253' title='bbox 416 2654 514 2719; x_wconf 89' lang='lat' dir='ltr'>istum</span> <span class='ocrx_word' id='word_1_254' title='bbox 539 2655 672 2720; x_wconf 90' lang='lat' dir='ltr'>audiens</span> <span class='ocrx_word' id='word_1_255' title='bbox 695 2656 843 2740; x_wconf 89' lang='lat' dir='ltr'>equidem</span> <span class='ocrx_word' id='word_1_256' title='bbox 867 2656 914 2720; x_wconf 90' lang='lat' dir='ltr'>sic</span> <span class='ocrx_word' id='word_1_257' title='bbox 940 2657 1082 2722; x_wconf 89' lang='lat' dir='ltr'>iudicare</span> <span class='ocrx_word' id='word_1_258' title='bbox 1107 2658 1204 2740; x_wconf 87' lang='lat' dir='ltr'>soleo,</span> <span class='ocrx_word' id='word_1_259' title='bbox 1231 2657 1324 2740; x_wconf 91' lang='lat' dir='ltr'>quid·</span> 
     </span>
     <span class='ocr_line' id='line_1_29' title="bbox 156 2741 1323 2825; baseline 0.003 -20"><span class='ocrx_word' id='word_1_260' title='bbox 156 2741 234 2825; x_wconf 93' lang='lat' dir='ltr'>quid</span> <span class='ocrx_word' id='word_1_261' title='bbox 261 2744 317 2806; x_wconf 91' lang='lat' dir='ltr'>aut</span> <span class='ocrx_word' id='word_1_262' title='bbox 344 2741 504 2806; x_wconf 88' lang='lat' dir='ltr'>addideris</span> <span class='ocrx_word' id='word_1_263' title='bbox 534 2746 591 2807; x_wconf 89' lang='lat' dir='ltr'>aut</span> <span class='ocrx_word' id='word_1_264' title='bbox 612 2744 788 2808; x_wconf 82' lang='lat' dir='ltr'>mutaveris</span> <span class='ocrx_word' id='word_1_265' title='bbox 816 2748 873 2808; x_wconf 92' lang='lat' dir='ltr'>aut</span> <span class='ocrx_word' id='word_1_266' title='bbox 900 2744 1088 2823; x_wconf 86' lang='lat' dir='ltr'>detraxeris,</span> <span class='ocrx_word' id='word_1_267' title='bbox 1116 2746 1265 2811; x_wconf 84' lang='lat' dir='ltr'>vitiosius</span> <span class='ocrx_word' id='word_1_268' title='bbox 1290 2748 1323 2810; x_wconf 90' lang='lat' dir='ltr'>et</span> 
     </span>
     <span class='ocr_line' id='line_1_30' title="bbox 154 2829 1375 2919; baseline 0.005 -24"><span class='ocrx_word' id='word_1_269' title='bbox 154 2830 295 2895; x_wconf 89' lang='lat' dir='ltr'>deterius</span> <span class='ocrx_word' id='word_1_270' title='bbox 314 2829 469 2895; x_wconf 89' lang='lat' dir='ltr'>futurum.</span> <span class='ocrx_word' id='word_1_271' title='bbox 502 2829 595 2915; x_wconf 83' lang='lat' dir='ltr'>Quid,</span> <span class='ocrx_word' id='word_1_272' title='bbox 617 2834 728 2897; x_wconf 88' lang='lat' dir='ltr'>noster</span> <span class='ocrx_word' id='word_1_273' title='bbox 745 2832 798 2897; x_wconf 89' lang='lat' dir='ltr'>hic</span> <span class='ocrx_word' id='word_1_274' title='bbox 817 2831 937 2898; x_wconf 74' lang='lat' dir='ltr'>Caesar</span> <span class='ocrx_word' id='word_1_275' title='bbox 959 2855 1066 2898; x_wconf 88' lang='lat' dir='ltr'>nonne</span> <span class='ocrx_word' id='word_1_276' title='bbox 1083 2856 1203 2900; x_wconf 85' lang='lat' dir='ltr'>novam</span> <span class='ocrx_word' id='word_1_277' title='bbox 1221 2855 1322 2919; x_wconf 89' lang='lat' dir='ltr'>quan·</span> <span class='ocrx_word' id='word_1_278' title='bbox 1341 2851 1375 2901; x_wconf 79' lang='lat'>30</span> 
     </span>
     <span class='ocr_line' id='line_1_31' title="bbox 153 2918 1322 3007; baseline 0.003 -24"><span class='ocrx_word' id='word_1_279' title='bbox 153 2918 412 2985; x_wconf 75' lang='lat' dir='ltr'>damnationem</span> <span class='ocrx_word' id='word_1_280' title='bbox 435 2920 546 2985; x_wconf 88' lang='lat' dir='ltr'>attulit</span> <span class='ocrx_word' id='word_1_281' title='bbox 569 2920 725 2986; x_wconf 88' lang='lat' dir='ltr'>orationis</span> <span class='ocrx_word' id='word_1_282' title='bbox 750 2924 783 2985; x_wconf 91' lang='lat' dir='ltr'>et</span> <span class='ocrx_word' id='word_1_283' title='bbox 806 2921 931 2986; x_wconf 91' lang='lat' dir='ltr'>dicendi</span> <span class='ocrx_word' id='word_1_284' title='bbox 952 2942 1053 3005; x_wconf 86' lang='lat' dir='ltr'>genus</span> <span class='ocrx_word' id='word_1_285' title='bbox 1075 2923 1203 2988; x_wconf 90' lang='lat' dir='ltr'>induxit</span> <span class='ocrx_word' id='word_1_286' title='bbox 1221 2944 1322 3007; x_wconf 89' lang='lat' dir='ltr'>prope</span> 
     </span>
    </p>
   </div>
   <div class='ocr_carea' id='block_1_4' title="bbox 152 3078 1323 3504">
    <p class='ocr_par' dir='ltr' id='par_1_11' title="bbox 152 3078 1323 3504">
     <span class='ocr_line' id='line_1_32' title="bbox 188 3078 1323 3149; baseline 0.003 -18"><span class='ocrx_word' id='word_1_287' title='bbox 188 3081 266 3132; x_wconf 62' lang='lat' dir='ltr'>aare</span> <span class='ocrx_word' id='word_1_288' title='bbox 276 3079 401 3146; x_wconf 79' lang='lat' dir='ltr'>ratioque</span> <span class='ocrx_word' id='word_1_289' title='bbox 407 3078 543 3146; x_wconf 75' lang='lat' dir='ltr'>picturae,</span> <span class='ocrx_word' id='word_1_290' title='bbox 553 3078 711 3133; x_wconf 82' lang='lat' dir='ltr'>dasKnnst-</span> <span class='ocrx_word' id='word_1_291' title='bbox 766 3080 873 3148; x_wconf 86' lang='lat' dir='ltr'>tungeu</span> <span class='ocrx_word' id='word_1_292' title='bbox 887 3078 1323 3149; x_wconf 79' lang='lat' dir='ltr'>u.Eigentdmlichlreiten(Indi·</span> 
     </span>
     <span class='ocr_line' id='line_1_33' title="bbox 152 3148 1323 3271; baseline 0.003 -69"><span class='ocrx_word' id='word_1_293' title='bbox 152 3151 258 3271; x_wconf 74' lang='lat' dir='ltr'>geseta,</span> <span class='ocrx_word' id='word_1_294' title='bbox 277 3149 323 3204; x_wconf 90' lang='lat' dir='ltr'>die</span> <span class='ocrx_word' id='word_1_295' title='bbox 337 3148 456 3204; x_wconf 82' lang='lat' dir='ltr'>Theorie</span> <span class='ocrx_word' id='word_1_296' title='bbox 474 3151 531 3204; x_wconf 88' lang='lat' dir='ltr'>und</span> <span class='ocrx_word' id='word_1_297' title='bbox 550 3149 596 3203; x_wconf 92' lang='lat' dir='ltr'>die</span> <span class='ocrx_word' id='word_1_298' title='bbox 612 3148 711 3205; x_wconf 79' lang='lat' dir='ltr'>lrdnat-</span> <span class='ocrx_word' id='word_1_299' title='bbox 765 3148 976 3218; x_wconf 81' lang='lat' dir='ltr'>vidualit&#39;aten),</span> <span class='ocrx_word' id='word_1_300' title='bbox 995 3150 1021 3203; x_wconf 90' lang='grc' dir='ltr'>Π</span> <span class='ocrx_word' id='word_1_301' title='bbox 1034 3149 1094 3206; x_wconf 78' lang='lat' dir='ltr'>asli.</span> <span class='ocrx_word' id='word_1_302' title='bbox 1117 3151 1181 3208; x_wconf 84' lang='lat' dir='ltr'>Tac.</span> <span class='ocrx_word' id='word_1_303' title='bbox 1201 3150 1268 3206; x_wconf 91' lang='lat' dir='ltr'>dial.</span> <span class='ocrx_word' id='word_1_304' title='bbox 1288 3152 1323 3206; x_wconf 86' lang='lat' dir='ltr'>de</span> 
     </span>
     <span class='ocr_line' id='line_1_34' title="bbox 165 3219 1323 3290; baseline 0.002 -17"><span class='ocrx_word' id='word_1_305' title='bbox 165 3219 272 3274; x_wconf 85' lang='lat' dir='ltr'>erische</span> <span class='ocrx_word' id='word_1_306' title='bbox 289 3219 446 3288; x_wconf 81' lang='lat' dir='ltr'>Ausiibung</span> <span class='ocrx_word' id='word_1_307' title='bbox 464 3221 545 3290; x_wconf 82' lang='lat' dir='ltr'>(ars);</span> <span class='ocrx_word' id='word_1_308' title='bbox 569 3221 620 3275; x_wconf 82' lang='lat' dir='ltr'>wir</span> <span class='ocrx_word' id='word_1_309' title='bbox 638 3223 711 3276; x_wconf 85' lang='lat' dir='ltr'>etwa</span> <span class='ocrx_word' id='word_1_310' title='bbox 766 3236 805 3276; x_wconf 89' lang='lat' dir='ltr'>or.</span> <span class='ocrx_word' id='word_1_311' title='bbox 825 3237 851 3276; x_wconf 84' lang='lat' dir='ltr'>ra</span> <span class='ocrx_word' id='word_1_312' title='bbox 878 3238 930 3276; x_wconf 90' lang='lat' dir='ltr'>nec</span> <span class='ocrx_word' id='word_1_313' title='bbox 957 3238 1062 3290; x_wconf 89' lang='lat' dir='ltr'>quaero</span> <span class='ocrx_word' id='word_1_314' title='bbox 1086 3223 1148 3289; x_wconf 89' lang='lat' dir='ltr'>quis</span> <span class='ocrx_word' id='word_1_315' title='bbox 1174 3221 1323 3278; x_wconf 88' lang='lat' dir='ltr'>disertissi-</span> 
     </span>
     <span class='ocr_line' id='line_1_35' title="bbox 155 3289 1323 3362; baseline 0.003 -18"><span class='ocrx_word' id='word_1_316' title='bbox 155 3289 213 3344; x_wconf 76' lang='lat' dir='ltr'>‘dio</span> <span class='ocrx_word' id='word_1_317' title='bbox 227 3290 342 3345; x_wconf 74' lang='lat' dir='ltr'>Malenoi</span> <span class='ocrx_word' id='word_1_318' title='bbox 361 3291 508 3361; x_wconf 87' lang='lat' dir='ltr'>praktisch</span> <span class='ocrx_word' id='word_1_319' title='bbox 525 3292 583 3346; x_wconf 90' lang='lat' dir='ltr'>und</span> <span class='ocrx_word' id='word_1_320' title='bbox 599 3293 710 3348; x_wconf 89' lang='lat' dir='ltr'>theore-</span> <span class='ocrx_word' id='word_1_321' title='bbox 765 3309 840 3359; x_wconf 71' lang='lat' dir='ltr'>mus,</span> <span class='ocrx_word' id='word_1_322' title='bbox 850 3293 903 3347; x_wconf 89' lang='lat' dir='ltr'>hoc</span> <span class='ocrx_word' id='word_1_323' title='bbox 912 3293 1025 3349; x_wconf 87' lang='lat' dir='ltr'>interim</span> <span class='ocrx_word' id='word_1_324' title='bbox 1033 3293 1167 3362; x_wconf 82' lang='lat' dir='ltr'>probasse</span> <span class='ocrx_word' id='word_1_325' title='bbox 1176 3295 1323 3348; x_wconf 87' lang='lat' dir='ltr'>contentus</span> 
     </span>
     <span class='ocr_line' id='line_1_36' title="bbox 152 3359 1323 3432; baseline 0.003 -18"><span class='ocrx_word' id='word_1_326' title='bbox 152 3359 333 3425; x_wconf 72' lang='lat' dir='ltr'>tisch’31atio</span> <span class='ocrx_word' id='word_1_327' title='bbox 348 3361 529 3430; x_wconf 89' lang='lat' dir='ltr'>dieTheorie,</span> <span class='ocrx_word' id='word_1_328' title='bbox 544 3362 710 3431; x_wconf 72' lang='lat' dir='ltr'>desinunt</span> <span class='ocrx_word' id='word_1_329' title='bbox 765 3381 840 3432; x_wconf 89' lang='lat' dir='ltr'>sum,</span> <span class='ocrx_word' id='word_1_330' title='bbox 868 3379 924 3417; x_wconf 89' lang='lat' dir='ltr'>non</span> <span class='ocrx_word' id='word_1_331' title='bbox 947 3380 1008 3418; x_wconf 86' lang='lat' dir='ltr'>esse</span> <span class='ocrx_word' id='word_1_332' title='bbox 1031 3382 1117 3418; x_wconf 90' lang='lat' dir='ltr'>unum</span> <span class='ocrx_word' id='word_1_333' title='bbox 1145 3362 1323 3432; x_wconf 90' lang='lat' dir='ltr'>eloquentiae</span> 
     </span>
     <span class='ocr_line' id='line_1_37' title="bbox 153 3430 1322 3504; baseline 0.004 -19"><span class='ocrx_word' id='word_1_334' title='bbox 153 3430 596 3503; x_wconf 84' lang='lat' dir='ltr'>lerisehe)Gesetavgl.au15.</span> <span class='ocrx_word' id='word_1_335' title='bbox 765 3435 887 3503; x_wconf 86' lang='lat' dir='ltr'>vultum,</span> <span class='ocrx_word' id='word_1_336' title='bbox 910 3434 959 3489; x_wconf 90' lang='lat' dir='ltr'>sed</span> <span class='ocrx_word' id='word_1_337' title='bbox 981 3434 1012 3488; x_wconf 89' lang='lat' dir='ltr'>in</span> <span class='ocrx_word' id='word_1_338' title='bbox 1036 3433 1095 3489; x_wconf 88' lang='lat' dir='ltr'>illis</span> <span class='ocrx_word' id='word_1_339' title='bbox 1118 3451 1229 3504; x_wconf 91' lang='lat' dir='ltr'>quoque</span> <span class='ocrx_word' id='word_1_340' title='bbox 1253 3452 1322 3504; x_wconf 92' lang='lat' dir='ltr'>quos</span> 
     </span>
    </p>
   </div>
   <div class='ocr_carea' id='block_1_5' title="bbox 153 3504 1323 3961">
    <p class='ocr_par' dir='ltr' id='par_1_12' title="bbox 153 3504 1323 3649">
     <span class='ocr_line' id='line_1_38' title="bbox 188 3504 1323 3590; baseline -0.001 -16"><span class='ocrx_word' id='word_1_341' title='bbox 188 3526 214 3576; x_wconf 85' lang='lat'>8.</span> <span class='ocrx_word' id='word_1_342' title='bbox 228 3527 260 3577; x_wconf 83' lang='lat' dir='ltr'>ut</span> <span class='ocrx_word' id='word_1_343' title='bbox 278 3522 330 3576; x_wconf 81' lang='lat' dir='ltr'>alii</span> <span class='ocrx_word' id='word_1_344' title='bbox 342 3520 521 3590; x_wconf 69' lang='lat' dir='ltr'>vituperandi</span> <span class='ocrx_word' id='word_1_345' title='bbox 538 3523 596 3576; x_wconf 90' lang='lat' dir='ltr'>und</span> <span class='ocrx_word' id='word_1_346' title='bbox 610 3523 711 3577; x_wconf 89' lang='lat' dir='ltr'>daraus</span> <span class='ocrx_word' id='word_1_347' title='bbox 766 3504 874 3559; x_wconf 64' lang='lat' dir='ltr'>V⁰⁰stffi³</span> <span class='ocrx_word' id='word_1_348' title='bbox 894 3505 1132 3588; x_wconf 65' lang='lat' dir='ltr'>‚³⁴1¹ffi‘11108131ures</span> <span class='ocrx_word' id='word_1_349' title='bbox 1151 3507 1257 3588; x_wconf 57' lang='lat' dir='ltr'>Spesslefl</span> <span class='ocrx_word' id='word_1_350' title='bbox 1277 3507 1323 3560; x_wconf 69' lang='grc' dir='ltr'>ἆθ-</span> 
     </span>
     <span class='ocr_line' id='line_1_39' title="bbox 153 3575 1322 3649; baseline -0.009 -6"><span class='ocrx_word' id='word_1_351' title='bbox 153 3591 214 3646; x_wconf 83' lang='lat' dir='ltr'>sich</span> <span class='ocrx_word' id='word_1_352' title='bbox 237 3594 311 3647; x_wconf 81' lang='lat' dir='ltr'>atwa</span> <span class='ocrx_word' id='word_1_353' title='bbox 333 3592 379 3646; x_wconf 83' lang='lat' dir='ltr'>die</span> <span class='ocrx_word' id='word_1_354' title='bbox 402 3592 643 3649; x_wconf 63' lang='lat' dir='ltr'>dissimilitudines</span> <span class='ocrx_word' id='word_1_355' title='bbox 671 3611 711 3649; x_wconf 68' lang='lat' dir='ltr'>er.</span> <span class='ocrx_word' id='word_1_356' title='bbox 765 3575 902 3644; x_wconf 87' lang='lat' dir='ltr'>prehendr</span> <span class='ocrx_word' id='word_1_357' title='bbox 919 3592 971 3630; x_wconf 91' lang='lat' dir='ltr'>nec</span> <span class='ocrx_word' id='word_1_358' title='bbox 990 3578 1088 3631; x_wconf 77' lang='lat' dir='ltr'>staum</span> <span class='ocrx_word' id='word_1_359' title='bbox 1110 3575 1233 3633; x_wconf 75' lang='lat' dir='ltr'>deterius</span> <span class='ocrx_word' id='word_1_360' title='bbox 1251 3593 1322 3645; x_wconf 85' lang='lat' dir='ltr'>essa,</span> 
     </span>
    </p>

    <p class='ocr_par' dir='ltr' id='par_1_13' title="bbox 190 3646 1070 3732">
     <span class='ocr_line' id='line_1_40' title="bbox 190 3646 1070 3732; baseline -0.008 -16"><span class='ocrx_word' id='word_1_361' title='bbox 190 3662 253 3718; x_wconf 74' lang='lat' dir='ltr'>usn.</span> <span class='ocrx_word' id='word_1_362' title='bbox 272 3662 421 3732; x_wconf 73' lang='lat' dir='ltr'>(anglica,</span> <span class='ocrx_word' id='word_1_363' title='bbox 441 3659 498 3716; x_wconf 73' lang='lat' dir='ltr'>usu</span> <span class='ocrx_word' id='word_1_364' title='bbox 511 3663 605 3717; x_wconf 71' lang='lat' dir='ltr'>uruca</span> <span class='ocrx_word' id='word_1_365' title='bbox 618 3666 651 3718; x_wconf 79' lang='lat' dir='ltr'>ut</span> <span class='ocrx_word' id='word_1_366' title='bbox 665 3664 711 3718; x_wconf 76' lang='lat' dir='ltr'>ue</span> <span class='ocrx_word' id='word_1_367' title='bbox 766 3647 841 3715; x_wconf 74' lang='lat' dir='ltr'>quod</span> <span class='ocrx_word' id='word_1_368' title='bbox 860 3646 999 3731; x_wconf 68' lang='lat' dir='ltr'>diversum</span> <span class='ocrx_word' id='word_1_369' title='bbox 1019 3649 1070 3702; x_wconf 73' lang='lat' dir='ltr'>est.</span> 
     </span>
    </p>

    <p class='ocr_par' dir='ltr' id='par_1_14' title="bbox 154 3717 1322 3873">
     <span class='ocr_line' id='line_1_41' title="bbox 191 3717 1268 3802; baseline 0 -14"><span class='ocrx_word' id='word_1_370' title='bbox 191 3735 251 3788; x_wconf 77' lang='lat' dir='ltr'>orte</span> <span class='ocrx_word' id='word_1_371' title='bbox 271 3733 323 3787; x_wconf 72' lang='lat' dir='ltr'>arus</span> <span class='ocrx_word' id='word_1_372' title='bbox 341 3734 478 3788; x_wconf 71' lang='lat' dir='ltr'>aecana</span> <span class='ocrx_word' id='word_1_373' title='bbox 499 3750 548 3788; x_wconf 77' lang='lat' dir='ltr'>aus</span> <span class='ocrx_word' id='word_1_374' title='bbox 566 3732 711 3790; x_wconf 69' lang='lat' dir='ltr'>Vononen</span> <span class='ocrx_word' id='word_1_375' title='bbox 801 3723 843 3772; x_wconf 78' lang='lat'>1⁷·</span> <span class='ocrx_word' id='word_1_376' title='bbox 861 3717 1148 3802; x_wconf 55' lang='lat' dir='ltr'>episcopationem</span> <span class='ocrx_word' id='word_1_377' title='bbox 1166 3719 1268 3788; x_wconf 81' lang='lat' dir='ltr'>Klang.</span> 
     </span>
     <span class='ocr_line' id='line_1_42' title="bbox 154 3788 1322 3873; baseline -0.012 -16"><span class='ocrx_word' id='word_1_378' title='bbox 154 3801 328 3872; x_wconf 83' lang='lat' dir='ltr'>anagefallen</span> <span class='ocrx_word' id='word_1_379' title='bbox 347 3803 429 3873; x_wconf 89' lang='lat' dir='ltr'>sind.)</span> <span class='ocrx_word' id='word_1_380' title='bbox 801 3793 909 3871; x_wconf 62' lang='lat' dir='ltr'>lama</span> <span class='ocrx_word' id='word_1_381' title='bbox 922 3806 968 3844; x_wconf 77' lang='lat' dir='ltr'>sus</span> <span class='ocrx_word' id='word_1_382' title='bbox 981 3788 1229 3872; x_wconf 52' lang='lat' dir='ltr'>semilatratum</span> <span class='ocrx_word' id='word_1_383' title='bbox 1248 3789 1322 3844; x_wconf 88' lang='lat' dir='ltr'>Nam</span> 
     </span>
    </p>

    <p class='ocr_par' dir='ltr' id='par_1_15' title="bbox 190 3858 1323 3961">
     <span class='ocr_line' id='line_1_43' title="bbox 190 3858 1323 3961; baseline -0.011 -38"><span class='ocrx_word' id='word_1_384' title='bbox 190 3896 232 3946; x_wconf 75' lang='lat'>10¹</span> <span class='ocrx_word' id='word_1_385' title='bbox 251 3893 336 3960; x_wconf 57' lang='lat' dir='ltr'>cm„</span> <span class='ocrx_word' id='word_1_386' title='bbox 355 3893 405 3946; x_wconf 70' lang='lat' dir='ltr'>d„</span> <span class='ocrx_word' id='word_1_387' title='bbox 422 3890 581 3961; x_wconf 49' lang='lat' dir='ltr'>pamm,</span> <span class='ocrx_word' id='word_1_388' title='bbox 600 3892 652 3949; x_wconf 62' lang='lat' dir='ltr'>wie</span> <span class='ocrx_word' id='word_1_389' title='bbox 671 3909 710 3951; x_wconf 66' lang='lat' dir='ltr'>m,</span> <span class='ocrx_word' id='word_1_390' title='bbox 764 3859 833 3928; x_wconf 90' lang='lat' dir='ltr'>qu1d</span> <span class='ocrx_word' id='word_1_391' title='bbox 851 3861 894 3914; x_wconf 86' lang='lat' dir='ltr'>est</span> <span class='ocrx_word' id='word_1_392' title='bbox 912 3862 971 3914; x_wconf 79' lang='lat' dir='ltr'>tam</span> <span class='ocrx_word' id='word_1_393' title='bbox 990 3859 1138 3928; x_wconf 81' lang='lat' dir='ltr'>dussrmrle,</span> <span class='ocrx_word' id='word_1_394' title='bbox 1167 3877 1251 3928; x_wconf 88' lang='lat' dir='ltr'>quam</span> <span class='ocrx_word' id='word_1_395' title='bbox 1269 3858 1323 3912; x_wconf 91' lang='lat' dir='ltr'>De-</span> 
     </span>
    </p>
   </div>
   <div class='ocr_carea' id='block_1_6' title="bbox 153 3930 1321 4091">
    <p class='ocr_par' dir='ltr' id='par_1_16' title="bbox 153 3930 1321 4091">
     <span class='ocr_line' id='line_1_44' title="bbox 154 3930 1321 4034; baseline -0.021 -26"><span class='ocrx_word' id='word_1_396' title='bbox 154 3961 254 4018; x_wconf 67' lang='lat' dir='ltr'>dissiii</span> <span class='ocrx_word' id='word_1_397' title='bbox 266 3961 348 4031; x_wconf 63' lang='lat' dir='ltr'>licei,</span> <span class='ocrx_word' id='word_1_398' title='bbox 369 3965 499 4034; x_wconf 57' lang='lat' dir='ltr'>dagogen</span> <span class='ocrx_word' id='word_1_399' title='bbox 515 3965 564 4019; x_wconf 61' lang='lat' dir='ltr'>da,</span> <span class='ocrx_word' id='word_1_400' title='bbox 580 3962 709 4020; x_wconf 63' lang='lat' dir='ltr'><strong>Acffivum</strong></span> <span class='ocrx_word' id='word_1_401' title='bbox 764 3930 925 4014; x_wconf 79' lang='lat' dir='ltr'>mosthenes</span> <span class='ocrx_word' id='word_1_402' title='bbox 945 3935 975 3986; x_wconf 87' lang='lat' dir='ltr'>at</span> <span class='ocrx_word' id='word_1_403' title='bbox 992 3931 1108 3999; x_wconf 81' lang='lat' dir='ltr'>Lysias?</span> <span class='ocrx_word' id='word_1_404' title='bbox 1127 3946 1211 3999; x_wconf 90' lang='lat' dir='ltr'>quam</span> <span class='ocrx_word' id='word_1_405' title='bbox 1230 3931 1321 4013; x_wconf 83' lang='lat' dir='ltr'>eidem</span> 
     </span>
     <span class='ocr_line' id='line_1_45' title="bbox 153 4001 1321 4091; baseline -0.023 1"><span class='ocrx_word' id='word_1_406' title='bbox 153 4052 176 4088; x_wconf 78' lang='lat' dir='ltr'>z.</span> <span class='ocrx_word' id='word_1_407' title='bbox 195 4033 227 4089; x_wconf 92' lang='grc' dir='ltr'>Β.</span> <span class='ocrx_word' id='word_1_408' title='bbox 246 4035 281 4089; x_wconf 91' lang='lat' dir='ltr'>de</span> <span class='ocrx_word' id='word_1_409' title='bbox 300 4035 345 4090; x_wconf 86' lang='lat' dir='ltr'>off.</span> <span class='ocrx_word' id='word_1_410' title='bbox 364 4036 432 4090; x_wconf 84' lang='lat' dir='ltr'>Iroa</span> <span class='ocrx_word' id='word_1_411' title='bbox 451 4037 519 4091; x_wconf 89' lang='lat' dir='ltr'>licet</span> <span class='ocrx_word' id='word_1_412' title='bbox 537 4052 657 4091; x_wconf 85' lang='lat' dir='ltr'>cernere.</span> <span class='ocrx_word' id='word_1_413' title='bbox 766 4001 978 4071; x_wconf 59' lang='lat' dir='ltr'>effll&#39;pffldefl?</span> <span class='ocrx_word' id='word_1_414' title='bbox 993 4004 1321 4071; x_wconf 84' lang='lat' dir='ltr'>quamhorumommum</span> 
     </span>
    </p>
   </div>
   <div class='ocr_carea' id='block_1_7' title="bbox 186 4075 1321 4212">
    <p class='ocr_par' dir='ltr' id='par_1_17' title="bbox 186 4075 1321 4212">
     <span class='ocr_line' id='line_1_46' title="bbox 186 4075 1321 4212; baseline 0.012 -29"><span class='ocrx_word' id='word_1_415' title='bbox 186 4116 316 4184; x_wconf 57' lang='lat' dir='ltr'>mxima</span> <span class='ocrx_word' id='word_1_416' title='bbox 334 4117 470 4186; x_wconf 57' lang='grc' dir='ltr'>θθθΜΐῑθν</span> <span class='ocrx_word' id='word_1_417' title='bbox 488 4115 502 4168; x_wconf 74' lang='lat' dir='ltr'>I</span> <span class='ocrx_word' id='word_1_418' title='bbox 520 4133 555 4173; x_wconf 80' lang='lat'>⁷⁰·</span> <span class='ocrx_word' id='word_1_419' title='bbox 765 4075 1089 4212; x_wconf 52' lang='lat' dir='ltr'>Aeilihlllhissirchfiinem</span> <span class='ocrx_word' id='word_1_420' title='bbox 1096 4144 1196 4199; x_wconf 81' lang='lat' dir='ltr'>Kanon</span> <span class='ocrx_word' id='word_1_421' title='bbox 1204 4147 1321 4199; x_wconf 89' lang='lat' dir='ltr'>muster·</span> 
     </span>
    </p>
   </div>
   <div class='ocr_carea' id='block_1_8' title="bbox 152 4206 1323 4428">
    <p class='ocr_par' dir='ltr' id='par_1_18' title="bbox 152 4206 1323 4428">
     <span class='ocr_line' id='line_1_47' title="bbox 190 4206 1323 4285; baseline 0.013 -31"><span class='ocrx_word' id='word_1_422' title='bbox 190 4209 231 4259; x_wconf 89' lang='lat'>11.</span> <span class='ocrx_word' id='word_1_423' title='bbox 250 4223 332 4275; x_wconf 77' lang='lat' dir='ltr'>qaam</span> <span class='ocrx_word' id='word_1_424' title='bbox 345 4207 402 4261; x_wconf 80' lang='lat' dir='ltr'>siat</span> <span class='ocrx_word' id='word_1_425' title='bbox 416 4210 478 4275; x_wconf 74' lang='lat' dir='ltr'>eto,</span> <span class='ocrx_word' id='word_1_426' title='bbox 499 4223 520 4260; x_wconf 88' lang='lat' dir='ltr'>s.</span> <span class='ocrx_word' id='word_1_427' title='bbox 535 4206 593 4263; x_wconf 86' lang='lat' dir='ltr'>ind.</span> <span class='ocrx_word' id='word_1_428' title='bbox 608 4206 711 4275; x_wconf 89' lang='lat' dir='ltr'>tragici</span> <span class='ocrx_word' id='word_1_429' title='bbox 764 4213 880 4285; x_wconf 84' lang='lat' dir='ltr'>giltiger</span> <span class='ocrx_word' id='word_1_430' title='bbox 903 4215 1093 4284; x_wconf 77' lang='lat' dir='ltr'>griechischen</span> <span class='ocrx_word' id='word_1_431' title='bbox 1111 4214 1222 4270; x_wconf 80' lang='lat' dir='ltr'>Redner</span> <span class='ocrx_word' id='word_1_432' title='bbox 1240 4215 1323 4271; x_wconf 89' lang='lat' dir='ltr'>einen</span> 
     </span>
     <span class='ocr_line' id='line_1_48' title="bbox 152 4278 1321 4357; baseline 0.01 -28"><span class='ocrx_word' id='word_1_433' title='bbox 152 4278 270 4331; x_wconf 88' lang='lat' dir='ltr'>veteres.</span> <span class='ocrx_word' id='word_1_434' title='bbox 764 4303 847 4341; x_wconf 82' lang='lat' dir='ltr'>wenn</span> <span class='ocrx_word' id='word_1_435' title='bbox 873 4286 952 4342; x_wconf 89' lang='lat' dir='ltr'>nicht</span> <span class='ocrx_word' id='word_1_436' title='bbox 976 4284 1219 4357; x_wconf 84' lang='lat' dir='ltr'>gleichwertigen,</span> <span class='ocrx_word' id='word_1_437' title='bbox 1248 4287 1321 4341; x_wconf 91' lang='lat' dir='ltr'>doch</span> 
     </span>
     <span class='ocr_line' id='line_1_49' title="bbox 190 4356 1322 4428; baseline 0.004 -21"><span class='ocrx_word' id='word_1_438' title='bbox 190 4357 618 4428; x_wconf 79' lang='lat' dir='ltr'>15.stadiaatqueauturas,deu</span> <span class='ocrx_word' id='word_1_439' title='bbox 628 4356 711 4410; x_wconf 84' lang='lat' dir='ltr'>Rich·</span> <span class='ocrx_word' id='word_1_440' title='bbox 764 4359 933 4428; x_wconf 83' lang='lat' dir='ltr'>wenigstens</span> <span class='ocrx_word' id='word_1_441' title='bbox 948 4356 1152 4427; x_wconf 86' lang='lat' dir='ltr'>entspreohend</span> <span class='ocrx_word' id='word_1_442' title='bbox 1166 4377 1192 4413; x_wconf 89' lang='lat' dir='ltr'>u.</span> <span class='ocrx_word' id='word_1_443' title='bbox 1206 4356 1322 4414; x_wconf 74' lang='lat' dir='ltr'>thulich</span> 
     </span>
    </p>
   </div>
   <div class='ocr_carea' id='block_1_9' title="bbox 207 4451 1110 4500">
    <p class='ocr_par' dir='ltr' id='par_1_19' title="bbox 207 4451 1110 4500">
     <span class='ocr_line' id='line_1_50' title="bbox 207 4451 1110 4500; baseline 0.006 -5"><span class='ocrx_word' id='word_1_444' title='bbox 207 4453 254 4498; x_wconf 76' lang='lat'>010.</span> <span class='ocrx_word' id='word_1_445' title='bbox 267 4466 299 4495; x_wconf 78' lang='lat' dir='ltr'>nn</span> <span class='ocrx_word' id='word_1_446' title='bbox 313 4467 383 4498; x_wconf 77' lang='lat' dir='ltr'>canu.</span> <span class='ocrx_word' id='word_1_447' title='bbox 1076 4451 1110 4500; x_wconf 76' lang='lat'>28</span> 
     </span>
    </p>
   </div>
   <div class='ocr_carea' id='block_1_10' title="bbox 0 0 1426 4778">
    <p class='ocr_par' dir='ltr' id='par_1_20' title="bbox 0 0 1426 4778">
     <span class='ocr_line' id='line_1_51' title="bbox 0 0 1426 4778; baseline 0 0"><span class='ocrx_word' id='word_1_448' title='bbox 0 0 1426 4778; x_wconf 95' lang='lat' dir='ltr'> </span> 
     </span>
    </p>
   </div>
  </div>
 </body>
</html>
