2842 4778
433 238 482 292 DE
503 235 677 292 ORATORE
695 235 737 288 111
756 240 799 305 35,
814 250 923 290 rmus.
944 239 988 304 36,
1003 250 1050 290 144.
1263 232 1330 296 463

128 401 268 467 reodem
291 401 349 465 ille
373 403 406 464 et
430 399 548 485 agendi
571 397 732 480 acciperet
753 399 926 482 praecepta
950 401 983 461 et
1006 395 1184 480 eloquendi.
1225 393 1321 461 Nunc
1333 410 1384 459 142

127 516 139 552 a
155 492 224 556 sive
244 491 300 574 qui
318 491 416 569 volet,
440 510 513 552 eum
531 486 771 571 philosophum,
795 486 851 571 qui
870 485 997 569 copiam
1016 485 1110 550 nobis
1133 507 1241 549 rerum
1261 506 1331 550 ora·

153 579 319 662 tionisque
346 576 469 660 tradat,
500 597 558 660 per
586 597 637 639 me
665 574 806 658 appellet
834 578 998 639 oratorem
1026 574 1116 657 licet,
1145 574 1213 637 sive
1243 573 1331 637 hunc

155 671 328 747 oratorem,
351 687 448 750 quem
471 686 531 750 ego
556 664 627 728 dico
652 662 847 747 sapientiam
870 662 1015 728 iunctam
1038 663 1157 727 habere
1181 662 1331 745 eloquen-

153 758 236 841 tiae,
263 755 495 839 philosophum
519 753 683 837 appellare
706 751 819 830 malet,
847 773 913 816 non
938 751 1127 836 impediam,
1156 749 1330 816 dummodo

127 846 216 910 shoc
239 846 376 926 constet,
399 864 503 926 neque
525 841 699 905 infantiam
719 841 797 920 eius,
820 840 963 924 quirem
986 840 1083 921 norit,
1107 838 1255 903 sedeam
1278 860 1330 902 ex·

127 933 274 1018 aplicare
294 932 429 997 dicendo
447 952 513 995 non
533 933 638 1014 queat,
656 949 760 1012 neque
779 928 985 992 inscientiam
1004 928 1102 1009 illius,
1125 928 1176 992 cui
1195 949 1246 992 res
1264 949 1331 992 non

155 1025 316 1105 suppetat,
336 1020 435 1085 verba
453 1040 519 1083 non
538 1017 655 1102 desint,
678 1039 747 1083 esse
761 1016 970 1099 laudandam,
990 1038 1127 1100 quorum
1148 1016 1176 1081 si
1191 1016 1331 1081 alterum

128 1111 199 1174 asit
229 1109 421 1195 optandum,
453 1108 563 1171 malim
595 1106 743 1190 equidem
772 1105 961 1170 indisertam
991 1104 1198 1189 prudentiam
1232 1125 1329 1188 quam

115 1222 141 1260 ιο
155 1199 332 1263 stultitiam
360 1198 537 1281 loquacem.
583 1192 641 1259 Sin
672 1195 856 1279 quaerimus
887 1194 964 1279 quid
986 1215 1087 1258 unum
1115 1188 1254 1258 excellat
1281 1204 1383 1256 ex143

154 1286 321 1370 omnibus,
349 1286 444 1350 docto
469 1285 592 1349 oratori
615 1283 726 1368 palma
750 1281 855 1348 danda
878 1286 935 1347 est.
982 1281 1085 1358 Quem
1109 1282 1137 1346 si
1159 1281 1330 1365 patiuntur

155 1376 294 1440 eundem
321 1395 392 1438 esse
415 1373 661 1458 philosophum,
688 1370 819 1436 sublata
841 1372 1063 1435 controversia
1086 1375 1144 1436 est.
1191 1367 1249 1434 Sin
1273 1391 1328 1434 eos

115 1485 141 1525 ιε
155 1464 334 1548 diiungent,
358 1463 420 1528 hoc
443 1467 539 1527 erunt
560 1460 741 1543 inferiores,
764 1458 850 1544 quod
873 1460 908 1523 in
930 1463 1058 1524 oratore
1082 1458 1225 1544 perfecto
1243 1459 1331 1522 inest

154 1553 285 1617 illorum
301 1551 406 1617 omnis
422 1550 567 1633 scientia,
584 1549 619 1613 in
639 1548 909 1632 philosophorum
929 1551 1034 1612 autem
1056 1548 1243 1633 cognitione
1261 1569 1329 1611 non

115 1662 141 1702 rs
155 1641 308 1706 continuo
336 1642 422 1705 inest
449 1639 650 1723 eloquentia,
678 1658 759 1721 quae
784 1637 931 1719 quamvis
959 1640 1184 1701 contemnatur
1208 1636 1248 1701 ab
1273 1636 1330 1721 eis,

155 1751 284 1794 necesse
315 1733 365 1793 cst
391 1733 502 1792 tamen
530 1728 670 1811 aliquem
698 1725 863 1790 cumulum
890 1726 1019 1790 illorum
1049 1725 1173 1790 artibus
1204 1723 1330 1790 adferre

157 1819 312 1882 videatur.

244 1905 334 1970 Haec
357 1925 430 1969 cum
449 1901 586 1968 Crassus
610 1903 755 1989 dixisset,
776 1924 949 1987 parumper
973 1908 1006 1968 et
1027 1902 1099 1987 ipsc
1122 1902 1279 1968 conticuit
1298 1905 1332 1966 et

114 2016 140 2054 re
155 1995 270 2058 ceteris
294 1994 456 2057 silentium
480 1992 552 2055 fuit.

114 2104 141 2143 ao
245 2081 328 2145 Tum
348 2078 479 2168 Corra:
502 2079 672 2163 Equidem,
695 2079 810 2163 inquit,
833 2078 959 2165 Crasse,
981 2103 1047 2145 non
1068 2102 1200 2164 possum
1219 2079 1320 2164 queri,
1329 2079 1367 2136 36
1387 2089 1420 2138 14

114 2193 140 2231 21
156 2170 239 2253 quod
269 2170 350 2234 mihi
374 2170 503 2234 videare
526 2167 614 2232 aliud
638 2168 787 2252 quiddam
812 2172 846 2233 et
867 2191 932 2233 non
955 2169 1001 2252 id,
1030 2170 1116 2253 quod
1143 2170 1331 2253 susceperis,

115 2281 141 2319 aa
156 2259 353 2342 disputasse,
376 2259 450 2343 plus
475 2258 561 2322 enim
582 2257 748 2341 aliquanto
771 2258 922 2342 attulisti,
944 2280 1042 2341 quam
1061 2258 1123 2322 tibi
1143 2262 1213 2323 erat
1230 2259 1331 2322 tribu·

114 2368 140 2407 aa
154 2351 225 2411 tum
250 2370 269 2411 a
290 2347 386 2412 nobis
410 2369 449 2412 ac
472 2347 714 2429 denuntiatum,
738 2347 795 2410 sed
818 2349 904 2410 certe
927 2351 964 2409 ut
987 2367 1045 2409 eae
1067 2349 1176 2429 partes
1199 2346 1332 2410 fuerunt

192 2562 215 2608 1.
235 2562 260 2609 et
279 2556 379 2625 apeadi
398 2556 461 2621 etc,
479 2555 536 2622 vgl.
556 2568 591 2608 ar.
772 2552 899 2608 wtinscht
926 2554 976 2607 das
1001 2553 1105 2606 bereits
1128 2552 1332 2623 Angelangene

190 2632 216 2679 2.
226 2627 282 2678 siva
296 2627 344 2692 qai
354 2626 430 2689 colat,
440 2623 562 2677 ntmlich
575 2625 716 2678 oratorem
771 2624 815 2677 bis
829 2625 872 2678 ins
883 2623 1018 2678 Einnelne
1032 2623 1175 2679 vollendet
1188 2643 1222 2678 zu
1237 2626 1330 2679 sehon.

156 2694 309 2764 appellare.
771 2693 807 2748 So
834 2694 913 2748 dient
938 2694 983 2748 die
1009 2693 1173 2764 Darlegung
1198 2697 1247 2749 des
1270 2713 1331 2751 ver·

191 2766 361 2832 tietantia,
377 2780 424 2831 res,
439 2765 489 2818 das
501 2764 650 2832 Gegenteil
662 2779 715 2817 von
771 2765 940 2818 achiedenen
949 2763 1114 2832 Eindruckq
1130 2766 1185 2819 den
1195 2764 1242 2819 die
1252 2765 1330 2819 Reda

154 2836 329 2906 eloquentia,
359 2836 427 2904 Top.
452 2850 478 2889 aa
506 2832 630 2903 possitne
660 2834 715 2889 elo·
771 2836 820 2888 des
848 2835 975 2889 Meisters
1003 2833 1055 2889 auf
1079 2834 1124 2889 dis
1149 2835 1255 2904 tunger
1282 2853 1331 2905 ge-

154 2909 270 2977 quentia
297 2906 517 2961 commutatione
536 2904 633 2974 aliqua
652 2920 715 2959 con·
770 2907 874 2973 macht,
893 2905 1022 2975 augleich
1040 2923 1087 2959 zur
1106 2904 1331 2960 Charakteristih

153 2978 226 3034 verti
254 2981 285 3034 in
312 2977 476 3047 infantiam,
505 2976 558 3030 wie
582 2977 632 3030 das
659 2975 715 3030 adi.
770 2975 867 3031 beider
885 2976 938 3031 wie
962 2994 1011 3030 aur
1029 2977 1265 3046 Zurtickldhrung
1283 2979 1334 3032 aul

153 3049 246 3105 infans
266 3050 305 3103 im
324 3047 483 3117 Gegensatz
504 3065 561 3103 von
584 3048 715 3113 disertus,
770 3050 820 3102 das
839 3047 1009 3118 eigentlichs
1024 3049 1132 3103 Thema
1148 3050 1182 3118 (c.
1198 3055 1241 3117 36,
1256 3063 1330 3103 144—

153 3120 231 3176 Brut.
251 3137 289 3187 ⁷⁷3
309 3136 347 3187 νο,
368 3136 420 3187 1013
440 3135 487 3174 ros.
770 3126 812 3187 37,
829 3124 886 3187 irs).

190 3198 215 3246 7.
234 3193 421 3258 res-acrba,
440 3206 492 3256 12⁵3
511 3190 524 3243 Ι
543 3189 627 3255 20311
646 3205 696 3246 rar.
806 3196 848 3245 21.
874 3196 899 3245 ct
916 3206 986 3257 noa,
1005 3191 1063 3244 und
1082 3189 1163 3245 nicht
1180 3190 1331 3260 vielmshr3

190 3269 214 3315 9.
230 3264 266 3315 ait
280 3264 440 3331 optandam,
460 3278 542 3316 wenn
556 3262 648 3316 einem
662 3279 715 3316 nur
770 3279 791 3318 s.
811 3281 832 3316 a.
853 3263 866 3315 l
884 3275 937 3326 1⁰²3
955 3261 983 3314 ΙΙ
1001 3277 1048 3317 rar.

153 3332 199 3386 die
219 3332 304 3386 Wahl
323 3331 424 3388 bliebe.
805 3339 848 3388 22.
872 3334 1021 3401 tributam,
1044 3333 1086 3388 als
1105 3332 1171 3387 dein
1190 3332 1267 3402 Tsil,
1291 3350 1330 3400 1⁹3

191 3409 231 3459 10.
264 3405 378 3458 stultam
410 3404 602 3473 loquacitatem
637 3402 716 3472 gicht
769 3403 796 3456 H
814 3419 866 3469 1223
886 3419 933 3459 ase.

154 3473 225 3530 Gall.
247 3479 271 3543 1,
292 3479 334 3542 15,
355 3481 379 3529 6.
805 3481 848 3529 23.
868 3491 901 3530 ac
914 3476 1107 3530 deametiatam
1125 3475 1164 3530 ist
1176 3474 1206 3528 in
1221 3476 1270 3530 der
1283 3474 1330 3545 ju-

189 3550 231 3600 13.
245 3546 401 3612 infertores,
415 3561 454 3599 sc.
468 3543 637 3613 philosophi,
651 3542 665 3595 I
678 3558 713 3598 re.
769 3544 917 3600 ristischen
942 3536 1111 3613 Bedcutirng
1139 3563 1172 3599 zu
1201 3545 1330 3614 nahmen,

190 3621 232 3671 15.
251 3618 398 3680 coctiaco,
418 3614 491 3669 ohne
509 3616 645 3680 welteres,
664 3631 716 3668 un·
769 3616 822 3670 wie
840 3617 869 3669 in
887 3615 1080 3670 testimonium
1096 3616 1260 3670 denuntiare
1279 3616 1331 3670 ali·

153 3687 312 3752 mittelbar,
338 3703 372 3738 an
393 3686 450 3737 und
469 3683 514 3737 fdr
538 3685 597 3738 sich
619 3684 715 3740 sehon.
770 3687 823 3754 cui,
843 3687 934 3739 einem
951 3685 1142 3753 ankdndigen,
1161 3683 1219 3740 dass
1237 3703 1268 3740 er
1287 3685 1330 3739 als

190 3763 230 3810 19.
241 3757 381 3811 silentiam
391 3755 457 3823 fait,
467 3754 517 3808 der
530 3753 654 3808 Zustand
665 3755 715 3809 des
770 3756 862 3826 Zenge
890 3772 923 3808 zu
952 3755 1115 3810 erscheinen
1142 3756 1207 3822 hat,
1239 3755 1330 3810 einem

153 3826 242 3893 Scins,
262 3826 438 3894 Vorliegens‚
458 3825 500 3878 als
514 3825 645 3879 Resultat
663 3826 712 3879 des
767 3826 974 3896 Zeugenschaft
989 3827 1163 3896 auferlegem
1179 3826 1239 3880 also
1253 3825 1330 3880 hiera

153 3896 294 3965 consequi,
313 3897 444 3950 wiel1so
463 3901 565 3964 gesagt
578 3896 616 3950 ist
629 3895 713 3950 silen·
768 3915 826 3952 was
843 3898 894 3951 wir
913 3897 957 3951 dir
976 3898 1018 3952 als
1037 3915 1070 3952 au
1085 3898 1250 3952 Leistendes
1269 3895 1330 3949 auf·

151 3968 223 4023 tium
251 3965 295 4021 est
323 3970 518 4035 consecutum,
547 3967 598 4021 wir
626 3968 713 4022 etwa:
768 3968 910 4038 erlsgten,
938 3986 1016 4023 woau
1040 3971 1077 4022 du
1105 3969 1165 4022 also
1194 3969 1241 4021 die
1260 3966 1330 4021 Ver·

151 4043 210 4094 trat
229 4037 273 4093 ein
293 4040 351 4092 und
369 4037 523 4094 hsrrschte.
768 4039 926 4110 pflichtung
948 4041 1064 4095 hattsst.
1107 4040 1201 4106 Quint.
1223 4038 1248 4092 V
1268 4045 1297 4104 7,
1317 4053 1332 4092 e

188 4115 230 4164 20.
256 4109 341 4164 Cotta
358 4109 477 4180 beklagt
495 4127 525 4164 es
543 4109 635 4176 nicht,
655 4105 712 4163 dall
768 4110 901 4180 quoniam
921 4111 976 4165 dno
996 4127 1100 4180 genera
1119 4113 1184 4164 sunt
1201 4109 1330 4177 testium,

151 4179 267 4236 Crassus
292 4182 351 4235 sich
376 4198 432 4236 von
456 4181 548 4236 seiner
565 4178 712 4250 Begeiste-
768 4183 818 4237 aut
832 4179 1067 4250 voluntariorum,
1083 4185 1133 4235 aut
1148 4198 1253 4248 eorum,
1268 4181 1329 4248 qui·

73 4267 76 4273 ·
150 4270 223 4321 rung
239 4252 292 4306 hat
310 4249 465 4307 fortreillen
480 4253 583 4318 lasscn,
602 4251 660 4305 und
674 4252 714 4306 ist
766 4253 820 4307 bus
834 4251 864 4305 in
878 4251 989 4306 iudiciis
1003 4252 1126 4321 publicis
1144 4253 1209 4322 lege
1224 4252 1330 4305 denun-

172 4340 222 4376 anz
245 4323 290 4376 fur
308 4323 352 4378 die
372 4322 529 4377 Akademie
548 4339 711 4393 gewonnen,
766 4323 854 4377 tiatur
872 4325 925 4378 etc.

151 4341 293 4462 §ulpicius
307 4394 345 4448 ist
359 4393 538 4463 pralrtischer
556 4393 670 4464 gesinnt
684 4409 711 4447 u.
802 4400 833 4448 at
861 4410 907 4448 cae
936 4400 1040 4462 partes.
1077 4392 1135 4448 Der
1167 4393 1330 4464 geforderte

1061 4480 1116 4535 31*
