2842 4778
146 206 212 271 410
496 206 545 260 ΒΕ
565 205 737 261 ORATORE
756 205 796 259 III
814 211 840 274 5,
854 221 888 260 ao.
908 212 933 273 6,
949 221 983 260 21.

147 391 219 434 cum
243 369 306 433 sibi
329 369 368 433 de
391 369 446 452 eis,
470 391 551 453 quae
574 368 637 432 dici
656 369 697 433 ab
717 371 846 433 oratore
866 370 1037 452 oporteret,
1062 371 1212 452 sumeret,
1235 369 1341 433 mihir

147 462 254 522 autem
281 457 490 542 relinqueret,
521 460 559 521 ut
586 458 793 541 explicarem,
821 456 1091 541 quemadmodum
1120 457 1178 522 illa
1208 457 1343 522 ornaris

147 549 323 629 oporteret,
352 568 391 611 ea
418 546 542 628 divisit,
570 568 651 629 quae
680 546 825 610 seiuncta
852 566 921 609 esse
948 567 1014 611 non
1038 549 1184 629 possunt.
1229 544 1343 611 Nama

146 657 219 700 oum
251 635 358 699 omnis
389 657 428 699 ex
455 657 489 699 re
518 637 613 719 atque
643 635 750 700 verbis
779 637 906 699 constet
934 634 1051 719 oratio,
1083 656 1186 718 neque
1218 636 1346 699 verber

93 743 126 791 20
146 723 253 788 sedem
281 724 401 789 habere
424 727 575 807 possunt,
604 723 633 788 si
655 733 723 789 r'em
752 723 964 808 subtraxeris,
991 745 1096 808 neque
1118 745 1171 788 res
1200 723 1319 810 lumen,

147 814 175 876 si
189 813 289 877 verba
303 814 487 879 semoveris.
518 814 566 877 Ac
584 812 666 876 mihi
684 812 813 897 quidem
827 817 953 876 veteres
971 812 1020 876 illi
1040 813 1144 876 maius
1164 812 1345 896 quiddams

147 903 256 966 animo
275 902 434 986 complexi
453 902 527 986 plus
546 903 648 966 multo
668 901 766 966 etiam
784 901 903 965 vidisse
922 902 1080 983 videntur,
1101 922 1198 984 quam
1218 922 1344 985 quan-r

147 995 217 1055 tum
249 993 436 1056 nostrorum
468 991 672 1077 ingeniorum
704 991 789 1054 acies
819 990 937 1055 intueri
964 994 1086 1073 potest3
1120 990 1175 1074 qui
1208 991 1319 1056 omnia

146 1079 235 1164 haec,
259 1101 341 1164 quae
365 1102 462 1163 supra
485 1085 518 1144 et
541 1079 664 1163 subter,
687 1101 787 1143 unum
810 1099 880 1143 esse
904 1083 936 1142 et
958 1101 1024 1143 una
1044 1080 1078 1143 vi
1102 1083 1198 1162 atque
1222 1081 1344 1161 [una]e

147 1169 359 1233 consensione
378 1173 516 1233 naturae
535 1169 711 1233 constricta
730 1189 801 1232 csse
820 1167 977 1232 dixerunt.
1009 1167 1145 1233 Nullum
1164 1171 1214 1232 est
1229 1169 1317 1232 enim

145 1278 247 1341 genus
271 1278 395 1335 rerum,
424 1256 508 1341 quod
533 1260 590 1321 aut
613 1256 760 1322 avulsum
783 1278 803 1320 a
826 1256 940 1320 ceteris
968 1278 1026 1340 per
1050 1277 1083 1321 se
1110 1257 1217 1340 ipsum
1241 1278 1317 1321 con-

56 1351 126 1407 621
148 1349 234 1409 stare
258 1349 315 1408 aut
338 1367 401 1429 quo
425 1348 532 1410 cetera
556 1345 584 1408 si
607 1349 747 1427 careant,
770 1346 837 1409 vim
861 1367 952 1409 suam
975 1350 1072 1429 atquc
1092 1347 1315 1410 aeternitatem
1331 1367 1355 1406 12

146 1455 335 1499 conservare
349 1435 485 1517 possint.
516 1432 578 1500 Sed
598 1436 626 1498 si
645 1434 725 1499 haec
744 1435 849 1498 maior
868 1455 938 1498 esse
956 1434 1040 1498 ratio
1060 1434 1195 1517 videtur,
1218 1456 1315 1518 quam
1330 1455 1355 1494 rs

144 1526 182 1586 ut
209 1523 378 1587 hominum
409 1525 514 1606 possit
542 1545 637 1588 sensu
670 1527 726 1587 aut
759 1522 956 1608 cogitatione
988 1522 1229 1607 comprehendi,
1265 1527 1315 1588 est
1330 1545 1356 1583 14

145 1612 242 1676 ctiam
261 1612 319 1676 illa
337 1611 484 1676 Platonis
503 1633 579 1677 vera
598 1616 631 1676 et
648 1612 718 1695 tibi,
742 1608 864 1693 Catule,
888 1615 973 1676 certe
995 1633 1062 1676 non
1078 1611 1224 1676 inaudita
1242 1631 1354 1696 vox,1s

145 1722 274 1765 omnem
304 1700 483 1765 doctrinam
510 1701 627 1765 harum
655 1702 867 1785 ingenuarum
891 1706 924 1766 et
950 1700 1165 1765 humanarum
1195 1701 1315 1764 artium

144 1812 208 1854 uno
233 1789 372 1874 quodam
395 1790 559 1855 societatis
583 1790 711 1854 vinculo
736 1789 901 1854 contineri.
947 1788 1013 1854 Ubi
1036 1790 1122 1854 enim
1144 1794 1314 1873 perspecta

143 1880 193 1942 vis
223 1884 271 1943 est
293 1879 430 1944 rationis
458 1880 540 1961 eius,
568 1900 631 1962 qua
659 1899 773 1943 causae
801 1900 910 1942 rerum
938 1884 1035 1962 atque
1063 1878 1169 1942 exitus
1196 1898 1313 1963 cogno·
1329 1898 1354 1937 rs

144 1972 288 2050 scantur,
318 1969 419 2032 mirus
446 1967 580 2052 quidam
603 1967 747 2032 omnium
771 1968 863 2051 quasi
891 1989 1068 2032 consensus
1095 1967 1314 2032 doctrinarum
1328 1988 1353 2028 19

181 2112 204 2160 1.
224 2122 292 2174 quoe
310 2107 367 2160 diri
384 2112 524 2174 oporteret,
543 2105 598 2160 den
616 2105 700 2174 Stoff3
755 2105 834 2160 ihren
857 2103 969 2173 Fdssen,
995 2106 1055 2161 also
1079 2107 1130 2160 anf
1152 2107 1202 2160 das
1226 2121 1315 2176 genzo
1347 2134 1354 2166 2

143 2175 189 2230 die
216 2175 355 2245 inventio,
383 2178 425 2231 als
454 2176 508 2232 den
532 2177 626 2231 TeilI
652 2178 700 2233 des
754 2176 921 2233 Universum
939 2177 997 2243 hin,
1016 2192 1051 2231 eo.

143 2252 168 2301 2.
188 2247 305 2302 Buches.
791 2256 832 2303 12.
861 2265 913 2318 quo
950 2254 1038 2302 cetea
1068 2249 1094 2302 si
1130 2254 1243 2302 corruat
1270 2279 1312 2314 —‚

179 2321 546 2389 aquamadmcdamoroart
555 2325 700 2390 quoru:
753 2320 873 2374 welches
893 2318 1048 2372 entbchren
1066 2318 1124 2372 und
1137 2317 1211 2372 doch
1229 2317 1313 2372 dabei

143 2389 189 2446 die
217 2390 409 2460 Stilisierung‚
442 2392 492 2445 der
524 2389 699 2460 spraohliche
753 2422 787 2431 —
806 2390 966 2460 behaupten
983 2389 1104 2443 lrdnnen.

143 2460 298 2528 Ausdruck,
316 2461 362 2516 die
381 2462 511 2517 elocutio.
790 2467 832 2516 13.
864 2462 918 2517 Sed
949 2463 975 2516 st
1006 2462 1059 2515 eto.
1109 2459 1161 2514 Die
1193 2458 1313 2515 Beweis·

178 2539 204 2588 3.
218 2550 287 2602 quae
300 2535 424 2588 saonae
442 2549 565 2587 essenon
575 2538 701 2602 poscent,
754 2531 878 2602 ftihrung
909 2533 979 2601 geht
1008 2531 1227 2601 herabsteigend
1258 2548 1314 2586 von

142 2619 214 2671 ganz
233 2604 412 2659 verschieden
429 2621 486 2658 von
504 2620 576 2674 qnae
590 2603 701 2674 seiungi
755 2604 809 2658 den
828 2603 1042 2674 sohwierigeren
1056 2602 1313 2672 philosophisohen‚

142 2691 198 2728 non
225 2679 355 2744 possunt,
378 2672 472 2729 heisst:
500 2674 618 2745 Dinge,·
633 2677 701 2729 Auf-
755 2674 819 2728 dem
851 2676 998 2746 gemeinen
1028 2674 1314 2730 Menschenverstand

142 2746 243 2814 geben,
263 2744 308 2799 die
327 2747 478 2814 gesondert
493 2764 549 2802 von
567 2746 701 2801 einander
755 2745 952 2817 entlegeneren
975 2745 1086 2816 Dingen
1109 2765 1143 2800 zu
1169 2745 1313 2800 verstttnd-

142 2816 222 2871 nicht
248 2817 384 2872 bestehen
411 2819 536 2886 kdnnen,
564 2818 609 2873 die
638 2819 700 2872 eine
754 2817 880 2873 licheren
907 2820 965 2873 und
992 2818 1059 2872 eher
1085 2814 1313 2884 rugestandenen

142 2885 293 2956 Trennnng
311 2905 366 2942 von
385 2888 518 2943 einander
536 2888 590 2944 mit
609 2889 700 2944 ihrem
754 2890 811 2943 und
831 2890 905 2944 daun
922 2890 963 2942 im
981 2887 1087 2942 dritten
1106 2885 1188 2940 Glied
1207 2902 1240 2938 zu
1259 2883 1312 2937 all-

142 2957 246 3014 Wesen
279 2957 359 3013 nicht
385 2960 546 3030 vereinigen
578 2959 700 3028 hdnncn,
755 2961 865 3029 gemein
897 2958 1090 3013 anerhannten
1118 2955 1313 3024 Erfahrungen

142 3030 195 3084 mit
221 3029 344 3084 anderen
367 3026 485 3086 Worten
509 3030 539 3085 in
558 3046 597 3085 soz
625 3032 700 3100 quod
754 3031 830 3086 tiber.
859 3032 932 3084 ratio
953 3025 1275 3096 ‘Batrachtungsweise'.

143 3099 270 3155 avulsum
298 3117 316 3154 a
344 3102 443 3156 ceteris
470 3117 521 3171 per
550 3118 580 3155 se
607 3101 700 3170 ipsum
789 3103 854 3155 hoec
880 3101 966 3164 ratio,
999 3100 1045 3153 ein
1073 3097 1171 3152 socher
1198 3096 1312 3166 Kolktil,

142 3173 271 3225 constare
289 3171 348 3224 und
365 3173 423 3226 vim
442 3189 521 3225 suam
536 3188 699 3227 conservare
754 3171 849 3227 solehe
867 3169 1054 3239 Auffassung;
1072 3170 1128 3237 vgl.
1148 3187 1183 3223 zu
1200 3170 1247 3224 It.

141 3259 198 3297 non
218 3244 321 3311 potest.
791 3248 832 3298 14.
846 3258 927 3297 senso
941 3246 990 3295 out
1004 3241 1175 3311 copitatioue,
1184 3240 1312 3294 mensch·

177 3320 202 3368 4.
222 3330 256 3367 ec
273 3330 303 3368 re
321 3318 403 3383 atquc
419 3314 517 3379 cobis,
535 3312 589 3368 wie
608 3329 655 3370 125.
753 3312 827 3369 liche
841 3311 935 3367 Denk·
948 3311 1311 3382 undEmpfindungsweise.

178 3391 202 3439 6.
221 3390 328 3451 veteres,
347 3385 378 3439 si.
398 3384 455 3439 ind.
474 3381 598 3439 Eleatae.
792 3385 966 3440 15.Plotouis
974 3383 1102 3452 Epinom.
1110 3400 1138 3451 p.
1147 3387 1198 3437 992
1209 3381 1242 3437 A.
1258 3384 1312 3436 ds-

178 3462 202 3510 t.
222 3457 543 3525 complecti-videntur,
556 3457 700 3511 einHexo·
756 3474 772 3510 σ
804 3453 840 3519 ὸς
858 3452 911 3524 γὰρ
924 3451 1060 3524 πεφυκὼς
1073 3455 1189 3509 πάντων
1203 3452 1312 3509 τούτων

142 3529 231 3582 meter
261 3544 353 3597 gagen
382 3526 427 3581 die
460 3530 546 3582 nntcn
571 3541 610 3582 111
640 3544 701 3581 aus·
756 3476 806 3590 rib
829 3522 1046 3595 ἀναφανήσεται
1063 3532 1121 3590 τοῖς
1144 3523 1312 3596 διανοουμέ-

142 3597 334 3668 gesprochene
354 3598 451 3667 Regel.
488 3599 569 3652 Auch
588 3598 633 3652 die
652 3616 701 3652 nn·
755 3617 823 3661 νοις.
848 3614 896 3654 ros.
919 3617 947 3668 p.
963 3597 1074 3653 Archa
1095 3597 1198 3652 etenim
1217 3612 1312 3651 omncs

141 3667 288 3723 mittclbar
310 3668 461 3739 folgenden
479 3670 591 3725 Worte:
616 3686 701 3737 quam
755 3673 843 3736 artes,
866 3687 938 3739 quae
961 3670 997 3723 ad
1020 3669 1227 3723 humanitatem
1249 3683 1312 3736 per-

142 3741 280 3809 quantum
323 3743 482 3796 nostrorum
522 3739 699 3810 ingeniorum
754 3741 859 3810 tinent,
880 3740 986 3796 habent
1004 3739 1145 3810 quoddam
1164 3753 1311 3793 commune

143 3809 219 3865 acies
244 3809 342 3865 hilder
362 3812 443 3867 einen
460 3811 647 3867 Pentameter.
672 3830 700 3882 p.
754 3813 897 3867 vinculum
917 3815 946 3867 et
963 3810 1044 3882 quasi
1058 3810 1225 3881 cognatione
1245 3826 1311 3878 qua-

141 3882 225 3937 Arch.
241 3898 253 3936 1
271 3881 302 3935 in
321 3900 377 3951 qua
395 3900 440 3937 me
454 3899 510 3938 non
524 3883 631 3938 infitior
643 3900 700 3938 me·
755 3883 817 3937 dem
837 3885 911 3939 inter
929 3899 958 3937 sc
977 3883 1164 3937 continentur.

142 3954 275 4009 diocriter
292 3971 353 4009 esse
372 3956 543 4022 (versatum).
789 3954 1055 4011 tibiOutule-dcm
1062 3949 1313 4019 Kennerdergrie·

173 4026 241 4094 plus
253 4026 357 4091 cidere,
375 4023 502 4096 grdllere,
520 4025 620 4080 tiefere
634 4026 700 4080 Ein·
754 4026 887 4081 chischen
900 4025 1062 4091 Litteratm,
1076 4021 1173 4077 Einl.I
1186 4026 1201 4085 5
1212 4024 1255 4087 15,
1263 4035 1310 4074 rrc.

143 4095 224 4164 sicht,
243 4096 377 4151 weiteren
395 4096 476 4151 Blick
493 4096 593 4151 haben.
791 4103 832 4151 18.
856 4097 899 4151 cis
915 4096 1035 4150 rationis
1052 4094 1124 4160 aas,
1216 4088 1312 4144 Maoht

178 4173 202 4222 9.
226 4168 303 4236 boec,
331 4167 446 4223 Crassus
468 4168 507 4222 ist
528 4166 582 4221 mit
605 4168 700 4223 seinen
753 4166 811 4221 und
825 4169 929 4222 Wesen
947 4165 1048 4235 (Tiefe)
1067 4165 1116 4218 der
1155 4161 1312 4216 erstandes-

143 4236 249 4293 Gdsten
275 4240 315 4293 im
338 4240 438 4294 Freien
462 4239 520 4294 und
542 4240 623 4294 weist
647 4239 701 4293 mit
752 4237 916 4307 thatigheit,
933 4241 1066 4305 vermbge
1086 4235 1181 4288 deren.
1289 4303 1296 4314 ν

142 4310 197 4364 den
215 4310 334 4366 Worten
352 4311 402 4365 auf
418 4311 472 4364 den
489 4310 612 4365 Himmel
629 4309 700 4364 dher
790 4315 830 4365 19.
845 4310 933 4364 mines
946 4303 1312 4377 quidometo.insolernw1r

142 4380 223 4435 ihren
236 4379 382 4451 Hauptern
395 4383 451 4437 und
468 4381 514 4438 die
528 4381 601 4437 Erde
615 4384 699 4437 anter
751 4381 827 4434 darm
850 4380 990 4435 imitanda
1016 4377 1078 4432 sind
1102 4395 1136 4431 nu
1162 4377 1312 4445 erkennen,
