2842 4778
110 223 177 287 496
488 221 537 275 uu
557 218 729 276 omroau
748 218 788 272 111
806 223 849 289 aa,
864 233 912 274 ιιι.

111 391 145 450 et
167 385 314 450 traiectio
342 386 377 448 in
401 384 515 467 alium3
543 383 807 465 communicati0,
835 384 992 464 quaeest
1020 379 1113 464 quasi
1143 379 1316 444 cumeis1

112 473 207 558 ipsiu,
236 473 320 558 apud
346 494 427 558 quos
456 472 558 554 dicas,
586 470 789 555 deliberati03
817 491 944 535 morum
973 490 1010 534 ac
1033 469 1118 533 vitae
1145 467 1315 533 imitatioa

113 563 163 626 vel
187 563 221 626 in
244 563 392 645 personis
417 561 466 624 vel
491 561 561 624 sine
583 560 663 643 illis,
691 579 846 644 maguum
870 557 1031 642 quoddam
1060 563 1287 622 ornamentum

114 651 271 716 orationis
295 656 328 715 et
352 655 464 734 aptum
488 649 527 713 ad
552 648 677 713 animos
701 646 920 713 conciliandos
944 646 996 710 vel
1019 646 1168 730 maxime,
1192 667 1288 730 saepe

60 742 231 807 rotantem
255 740 352 803 etiam
378 738 418 802 ad
441 738 703 822 commovendos3
731 757 942 821 personarum
965 735 1043 799 fieta
1069 733 1214 799 inductio
1237 736 1318 799 vela

114 827 343 912 gravissimum
372 828 481 892 lumen
509 826 663 910 augendi3
696 824 884 907 descriptio,
918 823 1036 888 erroris
1063 823 1220 909 inductio,
1249 823 1318 888 ade

114 916 316 980 hilaritatem
332 917 497 1000 impulsio,
516 913 776 999 anteoccupati03
794 918 864 978 tum
884 913 946 977 duo
966 912 1034 998 illa,
1053 933 1134 995 quae
1149 912 1318 976 maximae

114 1009 258 1088 movent,
287 1005 463 1069 similitudo
493 1008 525 1068 et
553 1003 749 1088 exemplum3
777 1001 931 1087 digesti0,
956 1001 1191 1086 interpellatio,
1214 1018 1317 1065 con-a

113 1095 231 1177 tentio,
262 1094 448 1177 reticentia,
480 1091 735 1175 commendatio,
768 1112 831 1156 vox
864 1091 1021 1175 quaedam
1055 1089 1158 1154 libera
1192 1092 1318 1173 atquae

116 1266 191 1320 enim
210 1266 349 1335 quaedam
365 1267 562 1337 praemunitio,
583 1265 675 1336 qualis
728 1264 834 1335 τιομός.
857 1264 957 1319 Aesch.
968 1263 1042 1320 Ctes.
1053 1270 1087 1320 90
1102 1281 1168 1319 vom
1177 1266 1289 1318 watter-

117 1334 257 1391 Cieeronis
271 1340 369 1393 contra
379 1338 410 1404 Q.
422 1337 584 1406 Caecilium,
599 1338 675 1407 quod
729 1336 908 1392 wendischen
921 1334 1031 1389 Kallias
1047 1331 1241 1406 ἐγκαταλιπὼν
1257 1333 1289 1390 di

87 1469 91 1475 ¹
115 1407 151 1461 ad
166 1409 354 1462 accusandum
368 1410 528 1477 descendat,
544 1409 593 1479 qui
604 1425 675 1463 sem·
729 1403 880 1468 κᾶκείνονς
903 1406 953 1461 καὶ
976 1408 1091 1470 πλείους
1113 1403 1291 1476 τραπόμενος

114 1495 165 1546 per
184 1477 343 1533 defenderit
358 1477 589 1550 (προκατάληψις,
608 1499 674 1549 προ·
729 1475 835 1549 τροπὰς
853 1478 903 1532 τοῦ
917 1472 1056 1547 Εὗρίποο,
1074 1475 1143 1545 παρ’
1160 1471 1194 1533 ὃν
1211 1472 1289 1548 ᾤκει.
1324 1501 1329 1509 ·

114 1550 278 1619 θεραπεία).
766 1557 791 1605 7.
818 1549 1040 1617 auuouupatio,
1067 1546 1290 1618 προκατάληψις.

152 1626 175 1675 1.
194 1621 319 1677 traiectio
332 1623 365 1677 ι’νι
384 1623 481 1691 alium,
498 1621 675 1693 μετάστασις,
728 1621 761 1674 ut
792 1623 858 1674 ante
890 1620 1022 1689 occupet,
1054 1619 1131 1689 quod
1161 1620 1292 1675 videatur

115 1690 146 1744 in
173 1688 255 1746 Catil.
283 1697 308 1761 a,
331 1709 344 1748 a
377 1709 432 1748 nou
461 1696 505 1748 est
531 1694 587 1748 ista
613 1711 677 1748 mea
730 1689 842 1760 opponi.
880 1689 963 1759 Sayff.
983 1689 1002 1744 l.
1022 1689 1040 1743 l.
1060 1708 1088 1760 p.
1109 1689 1194 1745 raaff.

116 1759 201 1830 culpa
219 1762 268 1816 sad
286 1766 452 1834 temporum.
766 1768 791 1816 8.
810 1762 971 1828 similitudo,
989 1761 1148 1834 aequitatui.
1174 1761 1211 1817 ad
1225 1761 1291 1816 Her.

151 1830 675 1902 communicatiomiuueoivarar.Quint.
730 1832 768 1885 IV
779 1839 822 1900 45,
832 1847 858 1887 aa
878 1849 899 1887 s.
914 1835 957 1886 est
975 1831 1066 1887 oratio
1084 1834 1235 1888 traducens
1255 1833 1293 1888 ad

116 1902 195 1970 ixa,
210 1919 236 1958 so
255 1920 319 1958 cum
337 1908 387 1960 aut
404 1907 482 1975 ipsos
500 1905 675 1960 adversarios
730 1919 789 1957 ram
814 1902 977 1972 quampiam
1001 1903 1109 1973 aliquid
1127 1920 1210 1958 exre
1234 1903 1292 1958 dis·

116 1974 297 2041 cousulimus,
312 1978 362 2030 aut
371 1991 434 2029 cum
444 1975 585 2030 iudicibus
594 1976 676 2045 quasi
729 1974 792 2044 pari
807 1973 912 2041 simile3
927 1989 962 2028 aa
976 1973 1096 2029 sumitur
1110 1973 1293 2031 autumandi

116 2044 311 2099 deliberamus.
730 2062 815 2101 causa
842 2047 892 2100 aut
917 2045 1058 2115 probandi
1087 2050 1137 2100 aut
1165 2046 1292 2116 apertius

152 2120 291 2170 amorum
301 2133 334 2170 ac
341 2118 413 2171 citae
420 2117 548 2186 imitatio,
556 2118 676 2186 μίμησις,
732 2115 844 2172 dicandi
863 2118 914 2170 aut
932 2117 998 2170 ante
1018 2115 1114 2171 oculos
1133 2116 1265 2187 ponendi.

115 2184 356 2257 χαρακτηρισμὸς,
376 2183 524 2255 ἠθοποιΐα.
552 2191 622 2243 orat.
637 2205 677 2244 188
767 2188 926 2256 exemplum,
944 2185 1137 2258 παράδειγμα.
1171 2188 1207 2243 ad
1224 2187 1292 2243 Her.

115 2258 148 2310 ut
178 2256 322 2312 hominum
355 2275 498 2313 sermones
530 2276 677 2329 moresque
731 2257 771 2311 IV
785 2263 828 2328 49,
843 2273 869 2313 ca
895 2275 918 2313 e.
939 2261 983 2312 est
1005 2258 1125 2314 alicuius
1149 2259 1220 2315 facti
1242 2261 1294 2314 aut

118 2327 266 2382 describat.
732 2327 802 2384 dicti
826 2329 971 2398 praeteriti
991 2346 1056 2383 cum
1075 2330 1146 2385 certi
1169 2328 1293 2385 auctoris

155 2403 180 2452 o.
184 2415 369 2468 personarum
378 2402 442 2469 ficta
450 2402 584 2469 inductio,
594 2420 677 2472 προσ·
732 2399 846 2454 nomina
865 2399 1036 2470 propositi03
1055 2400 1085 2454 id
1105 2401 1226 2457 sumitur
1239 2400 1293 2455 eis-

117 2469 267 2524 ωποποιΐα.
298 2472 335 2526 ad
353 2471 418 2526 Her.
438 2472 476 2526 IV
495 2478 543 2541 53,
562 2488 589 2528 es
614 2489 678 2528 con·
733 2471 798 2526 dem
821 2470 980 2540 decausis,
1004 2470 1107 2539 quibus
1126 2471 1294 2528 similitudo.

118 2541 248 2595 formatio
263 2543 314 2610 est,
334 2559 395 2597 eum
411 2543 514 2612 aliqua,
534 2561 608 2612 qnae
622 2561 679 2600 non
768 2543 897 2614 dipestio,
917 2540 1064 2612 μερισμός,
1083 2543 1128 2598 ‘ut
1146 2543 1225 2598 aliud
1244 2542 1295 2597 alii

118 2610 213 2681 adest,
240 2628 362 2681 persona
389 2614 570 2683 confingitur,
598 2615 679 2685 quasi
733 2612 860 2668 tribuens
894 2613 1064 2683 dispertiat’.
1111 2633 1137 2684 p.
1167 2615 1239 2669 Sest.
1268 2629 1295 2670 ea

119 2680 207 2748 adsit,
234 2686 285 2737 aut
307 2701 371 2738 oum
393 2700 438 2738 res
462 2689 541 2740 muta
563 2688 614 2740 aut
638 2687 680 2741 in·
734 2687 795 2740 erat
822 2684 853 2739 in
879 2684 957 2739 luctu
987 2689 1114 2752 sanatum
1147 2685 1296 2755 squalebat

117 2752 216 2807 formis
239 2754 272 2808 fit
291 2756 425 2824 eloquens
445 2758 473 2811 et
495 2756 587 2812 forma
605 2757 632 2812 ei
651 2760 681 2813 at
733 2754 834 2812 civitas
868 2757 921 2809 eto.
949 2773 977 2825 p.
1001 2754 1060 2810 Mil.
1089 2770 1115 2810 ao
1147 2756 1227 2825 lugat
1253 2773 1295 2811 se·

119 2823 209 2879 oratio
241 2825 414 2882 adtribuitur
444 2828 480 2882 ad
509 2828 680 2898 dignitatem
733 2830 829 2895 natus,
853 2831 961 2882 maeret
979 2829 1109 2895 equester
1127 2827 1209 2895 ordo,
1233 2829 1297 2882 tota

118 2897 330 2953 accommodata
345 2901 395 2953 aut
405 2899 478 2954 actio
488 2903 636 2967 quaedam.
647 2931 679 2940 -
734 2898 834 2953 civitas
853 2896 983 2952 coniecta
1000 2899 1078 2952 senio
1093 2901 1145 2966 est,
1164 2897 1296 2967 squalent

119 2964 198 3020 Haec
217 2968 403 3023 conformatio
418 3001 452 3010 -
466 2970 578 3039 proficit
595 2971 681 3041 pluri·
736 2968 896 3037 municipia,
912 2967 1085 3023 afflictantur
1100 2968 1227 3024 coloniae
1241 2971 1294 3026 etc.

119 3053 197 3090 mum
215 3037 246 3090 iu
264 3038 476 3109 amplificationi
496 3041 637 3109 apartibus
653 3044 682 3095 at
771 3039 963 3108 interpellatio,
982 3038 1194 3109 παρενόχίηοις.

119 3108 377 3166 commiserationis.
406 3112 484 3166 laen.
771 3111 916 3175 contentia,
935 3104 1089 3174 ἀντίθεσις.
1116 3112 1153 3166 ad
1171 3109 1238 3166 Her.
1256 3111 1297 3166 IV

156 3182 179 3230 6.
218 3180 378 3247 descriptio,
411 3175 568 3249 ἀπογραφή
602 3177 680 3249 (ὑπο
735 3185 779 3245 45,
793 3193 820 3234 aa
848 3196 871 3232 c.
898 3181 942 3234 est
965 3197 1015 3247 per
1042 3197 1127 3251 quam
1155 3183 1297 3238 contraria

119 3243 235 3316 γραφή).
260 3248 298 3300 ad
311 3249 377 3303 Har.
389 3248 431 3303 IV
445 3257 489 3319 39,
504 3265 530 3306 51
550 3250 576 3305 d.
591 3253 681 3305 nomi·
735 3251 904 3319 referuntur,
923 3270 945 3304 a.
961 3251 992 3308 B.
1011 3251 1134 3307 inimicis
1152 3258 1182 3307 te
1199 3254 1296 3323 placa·

119 3320 216 3386 natur,
240 3335 311 3388 quae
335 3335 428 3373 rerum
452 3321 682 3391 consequentium
735 3320 833 3389 bilem,
850 3322 949 3376 amicis
964 3324 1166 3379 inexorabilem
1180 3325 1297 3393 praebes

121 3390 245 3444 continet
267 3389 446 3460 perspicuam
471 3395 501 3446 at
528 3391 681 3449 dilucidam
736 3394 830 3460 (wenn
844 3393 924 3447 nieht
937 3392 982 3447 fiir
995 3394 1098 3464 interp.
1109 3397 1231 3450 content.
1247 3397 1298 3451 der

120 3475 184 3514 cum
203 3462 343 3530 gravitate
363 3461 582 3530 expositionem,
606 3482 629 3519 a.
650 3464 680 3522 B.
736 3463 824 3518 Stella
847 3465 886 3518 im
912 3464 1017 3520 Oaros
1040 3465 1244 3535 anteprechend
1262 3484 1298 3522 au

120 3547 202 3586 wenn
220 3532 265 3586 ihr
279 3532 334 3586 dan
348 3532 478 3603 freigabt,
498 3532 595 3589 statim
610 3536 684 3590 sicut
736 3534 813 3591 lesan
841 3536 879 3591 ist
905 3535 1126 3607 interpellatoris
1153 3536 1297 3593 coercitio.

121 3619 137 3656 a
166 3619 253 3659 cavea
280 3604 325 3659 leo
354 3605 525 3660 amissus-
549 3605 684 3661 volitabit
737 3607 801 3675 Vgl.
820 3604 846 3659 H
864 3610 924 3677 aar).

120 3677 151 3729 et
175 3675 325 3745 vagabitur
347 3677 378 3730 in
400 3675 460 3732 foro
483 3696 510 3733 u.
530 3694 551 3731 s.
571 3694 605 3732 w.
625 3679 683 3747 (die
773 3684 798 3733 9.
812 3680 965 3746 reticentia,
974 3679 1197 3749 rapacidarum.
1213 3678 1296 3750 Seyff.

120 3745 246 3802 lebbafte
270 3746 458 3819 Schilderuug
483 3747 532 3805 der
554 3749 682 3820 Fulgen).
736 3749 755 3803 l.
775 3749 795 3804 l.
814 3755 829 3816 ξ
848 3756 891 3805 43.

121 3817 182 3870 Ηοο
210 3833 312 3885 genere
345 3819 536 3875 exornationis
564 3821 611 3878 vel
637 3820 681 3874 in·
772 3822 977 3877 commendatio.
992 3821 1085 3887 Quint.
1097 3822 1135 3877 IX
1145 3827 1171 3892 2,
1181 3837 1202 3878 a.
1217 3821 1298 3878 Docb
1366 3883 1369 3888 ,

120 3887 251 3956 dignatio
283 3888 330 3942 vel
362 3887 556 3946 misericordia
586 3895 683 3962 potest
736 3891 775 3945 ist
798 3892 873 3947 wohl
894 3892 968 3946 nach
991 3892 1037 3946 Or.
1057 3907 1109 3960 raa,
1138 3909 1182 3948 uo
1205 3908 1298 3964 ganan

121 3957 299 4012 commoveri.
737 3962 862 4017 dieselbe
873 3962 1009 4032 Ordnung
1023 3962 1204 4035 eingehalten
1219 3963 1298 4032 wird,

157 4029 260 4082 erroris
277 4029 416 4096 inductio,
436 4031 480 4084 die
499 4049 561 4085 zum
582 4032 682 4089 Untar·
736 4034 1197 4103 vialmahreommiautiozulesen,
1211 4032 1297 4090 κατά-

122 4097 238 4153 sohiede
265 4115 321 4153 von
343 4099 532 4157 Indulrtionan
560 4105 683 4159 anderen
737 4106 836 4173 πίηξις
855 4106 899 4159 ‘ut
914 4103 1060 4160 denuntiet
1074 4105 1142 4176 quid
1157 4107 1298 4162 caveant’.

120 4167 231 4252 Inhalts
254 4171 311 4225 und
331 4170 445 4227 Zweclrs
465 4173 516 4227 auf
534 4175 588 4230 den
607 4191 683 4231 error
772 4176 1299 4247 eoaquaedamliberaetc.,rmppqala.

122 4242 226 4296 abarelt
239 4241 440 4313 ‘Irraleitung',
452 4244 497 4299 ‘ut
510 4245 546 4300 ab
561 4262 594 4301 eo
608 4248 682 4316 quod
737 4245 774 4300 ad
794 4247 858 4301 Har.
873 4245 912 4299 IV
926 4251 969 4314 36,
984 4261 1012 4302 ιο
1030 4247 1145 4302 licentia
1162 4251 1215 4317 ast,
1235 4264 1300 4303 cum

119 4311 220 4379 agitur
234 4315 345 4370 avertat
359 4314 491 4384 auimos',
506 4311 682 4389 ἀποστροφή.
737 4319 812 4387 apud
831 4335 888 4386 eos,
906 4333 977 4387 quos
995 4317 1086 4373 vereri
1105 4322 1154 4373 aut
1171 4321 1299 4376 metuere

158 4383 196 4436 ud
218 4385 388 4443 hilaritatem
406 4389 550 4458 impulsio,
572 4408 683 4461 χαριεν-
737 4388 887 4460 debemus,
910 4390 1005 4445 tamen
1029 4387 1138 4457 aliquid
1161 4406 1212 4460 pro
1237 4390 1299 4446 iure
