2842 4778
108 220 174 285 448
429 220 478 274 nu
498 219 670 274 canrosa
689 219 729 272 111
747 226 795 287 π,
815 235 861 275 105.
877 231 924 274 ωε.

56 383 254 467 reticendo,
278 383 333 447 sed
357 383 458 447 etiam
482 383 522 446 ad
542 381 779 465 extenuandum
798 384 896 465 atque
916 383 1126 447 abiciendum.
1172 383 1304 450 Idus-1

109 473 270 537 sideratur
293 472 445 535 omnibus
470 470 517 534 eis
540 470 576 533 in
594 470 684 554 locis,
707 491 788 554 quos
807 469 848 534 ad
867 470 964 534 fidem
982 472 1140 536 orationis
1160 472 1307 536 facien-r

108 560 183 624 dam
208 559 355 624 adhiberi
378 559 461 623 dixit
478 558 657 642 Antonius,
680 559 731 622 vel
754 580 826 623 cum
850 560 1061 641 explanamus
1082 560 1207 644 aliquid
1231 562 1283 626 vel

56 666 191 716 roccum
226 648 437 712 conciliamus
466 647 591 711 animos
621 646 672 710 vel
699 668 772 711 cum
800 647 1006 712 concitamus.
1058 646 1119 712 Sed
1147 650 1183 713 in
1210 649 1282 734 hoc,

107 736 194 821 quod
212 740 415 819 postremum
434 736 510 818 dixi,
534 735 744 818 amplificatio
763 739 873 820 potest
890 736 1077 821 plurimum,
1096 759 1197 822 eaque
1216 761 1309 803 unas

106 826 177 890 laus
213 826 351 890 oratoris
380 828 431 890 est
458 827 491 888 et
517 824 649 908 propria
675 824 825 889 maxime.
876 824 988 890 Etiam
1015 827 1119 890 maior
1147 833 1196 891 est
1223 828 1309 892 illac

107 915 309 994 exercitatio,
334 936 431 999 quam
455 916 599 976 extremo
624 934 772 977 sermone
795 914 950 978 instruxit
972 915 1135 979 Antonius
1159 912 1308 1002 (primor

106 1001 276 1090 reiciebat)
305 1001 459 1068 laudandi
488 1005 521 1065 et
548 1001 762 1085 vituperandi.
808 999 902 1066 Nihil
930 1006 981 1066 est
1007 1002 1091 1066 enim
1123 1003 1162 1066 ad
1186 1025 1282 1089 exag-

107 1093 285 1176 gerandam
313 1097 346 1156 et
373 1089 635 1174 amplificandam
659 1091 839 1155 orationem
865 1091 1154 1171 accommodatius,
1183 1114 1281 1176 quam

55 1198 106 1248 106
117 1186 289 1265 utrumque
323 1179 439 1244 horum
467 1178 724 1243 cumulatissime
750 1179 856 1243 facere
883 1201 988 1263 posse.
1036 1177 1284 1264 Consequentur
1297 1208 1324 1246 ιο

108 1269 208 1333 etiarn
230 1270 279 1333 illi
303 1269 376 1351 loci,
399 1268 454 1350 qui
474 1289 671 1350 quamquam
690 1268 814 1351 proprii
833 1289 1003 1332 causarum
1023 1272 1056 1333 et
1074 1269 1281 1334 inhaerentes
1296 1297 1321 1334 11

106 1357 140 1420 in
164 1379 275 1421 earum
298 1356 405 1421 nervis
430 1378 501 1421 esse
525 1356 653 1439 debent,
676 1359 787 1420 tamen
810 1357 886 1439 quia
910 1355 948 1420 de
972 1357 1123 1421 universa
1145 1380 1179 1421 re
1198 1363 1282 1423 trac·

105 1445 170 1508 tari
200 1446 319 1528 solent,
357 1465 544 1509 communes
575 1467 594 1508 a
626 1444 789 1509 veteribus
822 1445 984 1509 nominati
1017 1449 1106 1530 sunt,
1145 1469 1283 1529 quorum
1297 1474 1323 1512 1³

121 1620 167 1671 ’1.
188 1620 226 1674 ad
244 1621 418 1675 abiciendum
436 1619 620 1674 abzuweisen.
724 1619 797 1672 teria
833 1619 863 1672 et
899 1617 1008 1673 animus
1045 1619 1286 1689 contemplatione

143 1697 168 1744 2.
188 1691 362 1758 eisialocc's,
381 1705 490 1756 rs;1rs;
508 1689 666 1758 111283146,
721 1690 791 1744 recti
820 1689 955 1758 pravique
983 1690 1121 1745 formatur
1143 1693 1174 1745 et
1195 1692 1287 1746 multa

107 1776 222 1826 rearis.
721 1760 788 1813 inde
802 1758 927 1829 cognitio
942 1777 1035 1814 rerum
1050 1760 1129 1815 venit
1138 1760 1284 1832 exemplis·

143 1835 181 1887 ari
194 1832 425 1900 fidcnorctc'onis,
440 1830 668 1900 aurBewirlrung
723 1846 790 1898 que,
827 1846 899 1898 quae
927 1835 993 1885 sunt
1019 1832 1050 1884 in
1077 1832 1155 1886 omni
1182 1848 1285 1902 genere

107 1904 157 1957 der
171 1900 437 1972 Glaubwiirdigkeit
451 1903 501 1954 der
510 1901 594 1957 Rede.
622 1901 667 1956 Or.
723 1917 869 1956 causarum
896 1901 1107 1971 potentissima,
1140 1900 1197 1957 iam
1223 1908 1285 1959 tum

105 1977 179 2042 part.
199 1989 225 2029 es
243 1990 345 2041 nempe
364 1991 398 2026 ea
413 1975 575 2043 sequuntur,
596 1990 668 2041 quae
722 1972 850 2040 instruit,
874 1991 938 2027 cum
960 1989 1005 2026 res
1028 1975 1139 2043 poscet,
1162 1991 1285 2031 usurum.

108 2044 144 2097 ad
163 2044 320 2098 faciendam
334 2044 419 2097 fidem
433 2045 584 2112 portinent.
612 2043 669 2096 Der
725 2042 761 2098 So
787 2044 873 2098 schoa
899 2043 1032 2113 Gorgias,
1059 2060 1142 2112 quem
1167 2045 1285 2115 (dicunt)

108 2114 206 2171 Genet.
225 2116 279 2170 wie
298 2114 384 2170 Acad.
404 2113 431 2166 H
450 2130 475 2168 rc
493 2114 583 2168 multa
602 2115 669 2169 faci-
725 2115 898 2184 singularum
916 2131 1009 2168 rerum
1029 2117 1126 2170 laudes
1144 2115 1286 2186 vitupera-

106 2203 168 2240 mus
191 2203 280 2256 usque
304 2202 350 2253 eo,
374 2187 440 2240 dum
460 2187 589 2254 aspectus
607 2186 669 2255 ipse
722 2185 869 2254 tionesque
888 2186 1099 2255 conscripsisse,
1118 2188 1193 2255 quod
1211 2187 1285 2243 iudi-

106 2256 192 2311 fidem
215 2257 303 2312 faciat
326 2257 371 2311 sui
388 2255 495 2310 iudicii.
533 2256 667 2325 (Andere:
723 2259 813 2323 caret,
846 2256 900 2310 hoc
927 2258 1046 2311 oratoris
1074 2273 1136 2312 esse
1163 2259 1286 2314 maxims

107 2328 241 2395 orationi,
265 2327 291 2380 II
305 2329 363 2394 121.)
722 2326 881 2396 proprium,
908 2343 967 2381 rem
992 2343 1095 2397 augere
1118 2345 1201 2397 posse
1225 2331 1286 2383 lau-

143 2405 168 2454 5.
184 2416 267 2469 eaque
280 2416 339 2453 aaa
350 2400 412 2453 laus
428 2397 600 2467 (concitandi
610 2415 667 2452 am·
724 2396 817 2451 dando
840 2398 1082 2467 vituperandoque
1100 2416 1194 2454 rursus
1213 2401 1284 2454 affli-

106 2471 257 2540 plificandc
268 2470 467 2537 laus)orctorc's
477 2469 670 2539 est(maxime)
723 2484 803 2537 gere,
823 2468 899 2522 Brut.
914 2483 948 2524 cr.

106 2548 131 2595 et
151 2544 272 2611 propria
289 2543 407 2596 maxime
426 2567 460 2585 =
477 2539 563 2608 idque
582 2559 668 2595 unum
760 2546 784 2593 7.
803 2540 1180 2609 extremosermoae,11s41.

91 2611 136 2665 »in
164 2615 276 2667 orntcre
299 2611 472 2665 laudandum
495 2612 616 2666 maxime
640 2615 670 2666 et
754 2613 847 2681 primo
864 2611 1006 2676 reiciebat,
1025 2612 1104 2677 114³,
1124 2627 1158 2666 cr.

106 2683 252 2752 proprium
263 2682 392 2738 maxime.
407 2683 531 2736 Deshalb
541 2681 670 2737 verweilt
760 2689 802 2738 10,
823 2682 1033 2751 coaequatur,
1052 2699 1082 2737 es
1096 2683 1209 2738 werden
1223 2684 1285 2738 sich

106 2757 179 2809 auch
188 2754 290 2808 Anton.
301 2753 410 2807 hierbei
417 2769 463 2807 am
472 2754 604 2823 ltngsten
612 2754 670 2808 und
724 2751 919 2820 anschliessen,
944 2754 1079 2823 crgeben,
1098 2754 1226 2809 namlich
1244 2753 1283 2808 im

105 2825 217 2880 kommt
244 2822 410 2880 wiederhclt
433 2824 535 2879 darauf
556 2826 668 2880 zuruck.
723 2825 984 2894 Zusammenhange
1008 2825 1060 2878 mit
1083 2824 1147 2879 dem
1166 2825 1282 2880 laudare

105 2896 131 2949 ΙΙ
147 2895 320 2962 1ssff;sroff.
722 2897 780 2950 und
798 2895 970 2964 vituporare,
990 2895 1036 2948 die
1055 2896 1108 2950 loci
1121 2912 1283 2965 communes,

143 2976 168 3022 6.
183 2967 281 3022 Etiam
291 2967 389 3021 maior.
414 2966 452 3018 Es
467 2967 506 3019 ist
521 2966 669 3020 scheinbar
723 2967 767 3020 dis
791 2965 929 3020 ebenfalls
948 2965 1133 3034 Gelegenheit
1158 2985 1206 3020 zur
1225 2985 1283 3021 am-

105 3039 208 3093 vorher
216 3053 272 3091 von
281 3036 380 3090 keiner
391 3035 566 3103 exercitatio,
577 3037 668 3090 einem
722 3036 859 3106 plificatio
868 3036 964 3090 bietcn
971 3037 1281 3106 (habentacremquan-

106 3108 262 3164 Geubtsein
285 3108 331 3161 die
354 3106 443 3175 Rede,
472 3106 526 3161 mit
547 3107 669 3161 welcher
723 3108 788 3162 dam
811 3124 872 3161 cum
895 3108 1108 3175 amplificatione
1130 3107 1283 3164 incusatio·

106 3180 151 3234 die
184 3179 350 3234 exercitatio
377 3177 513 3233 laudandi
541 3179 570 3232 et
594 3178 668 3232 vitu·
723 3178 806 3248 nem).
849 3176 895 3230 Sic
925 3177 1026 3232 dienen
1050 3178 1118 3233 aber
1141 3181 1284 3234 entweder

105 3249 224 3318 perandi
233 3247 422 3319 inVergleich
431 3248 548 3318 gestellt
557 3250 668 3303 werden
723 3249 773 3303 der
786 3248 935 3315 incusatio,
954 3249 1029 3303 beim
1043 3250 1196 3319 Ankli’cger,
1211 3250 1280 3305 oder

105 3320 220 3388 konnte,
239 3319 366 3375 sachliclr
386 3320 454 3373 aber
467 3318 540 3390 liegt
553 3319 603 3374 der
616 3318 667 3372 Be·
722 3322 772 3375 der
799 3320 960 3388 deprecatio
984 3323 1034 3375 aut
1055 3321 1198 3376 miseratio
1221 3321 1284 3391 (elii

105 3391 173 3460 griff
195 3393 272 3446 einer
295 3390 410 3446 solchen
427 3391 457 3444 in
477 3390 531 3445 den
550 3391 669 3445 Worten
722 3394 843 3460 autern),
880 3391 955 3445 heim
987 3391 1178 3461 Verteidiger,
1215 3393 1283 3448 oder

106 3478 193 3531 eaque
216 3479 273 3517 una
290 3463 353 3516 laus
374 3461 508 3526 (ntmlich
526 3462 668 3516 concitare
758 3461 814 3515 bon
832 3459 928 3517 Anlass
951 3481 985 3516 au
1008 3461 1210 3532 allgemeinem
1228 3465 1282 3518 Ite·

106 3533 316 3603 amplificando)
346 3533 466 3587 oratoris
490 3537 534 3587 est
556 3532 670 3602 propria
722 3480 862 3588 lirionen
881 3531 911 3586 in
929 3535 1076 3601 utramque
1095 3537 1205 3602 partem
1220 3533 1283 3602 (alii

105 3605 234 3660 maxime.
272 3605 324 3659 Die
352 3602 516 3659 exercitatio
535 3603 669 3659 laudandi
722 3620 789 3660 vero
808 3607 854 3674 -)

106 3678 136 3728 et
166 3676 346 3745 vituperandi
379 3677 538 3745 (utrumque
568 3674 668 3729 horum
760 3683 801 3730 11.
816 3676 929 3747 proprii
946 3691 1102 3742 causarum,
1121 3675 1209 3731 Helo.

107 3745 330 3802 cumulatissime
354 3748 448 3802 facere
466 3747 560 3816 posse)
578 3745 668 3801 bietet
758 3749 927 3802 inhaerentes
950 3748 982 3800 in
1004 3763 1099 3801 earum
1121 3749 1227 3813 cerea,
1251 3747 1281 3802 in

107 3819 175 3874 aber
193 3837 241 3873 aur
260 3817 443 3888 amplificatio
462 3816 599 3872 orationis
614 3817 666 3872 den
720 3817 810 3873 ihrem
834 3818 991 3887 eigensten,
1016 3816 1161 3872 innersten
1177 3817 1283 3888 Leben,

106 3888 281 3945 weitestenS
303 3889 429 3944 ielraum.
458 3877 533 3942 iiber
550 3889 595 3943 die
609 3888 666 3942 lau·
720 3887 773 3943 wie
783 3888 810 3940 ΙΙ
819 3904 858 3943 era
873 3905 906 3942 ex
920 3887 990 3955 ipsis
1004 3885 1160 3942 visceribus
1171 3905 1280 3946 causae.

106 3961 184 4016 datio
202 3960 259 4030 vgl.
280 3907 373 4025 &nint
388 3959 455 4027 114,
474 3975 500 4014 ao
514 3959 583 4014 Inde
598 3976 665 4029 pau·
758 3964 800 4016 13.
815 3975 974 4024 communes,
989 3956 1061 4013 Einl.
1076 3958 1208 4025 1151172
1222 3961 1281 4015 und

105 4032 189 4086 latim
208 4032 244 4087 ad
258 4031 367 4086 maiora
380 4030 525 4084 intendere
539 4028 665 4099 incipiet,
719 4031 777 4084 ind.
797 4029 853 4084 loci
872 4044 1041 4083 communes.

106 4105 175 4170 (wer
194 4103 253 4158 sich
272 4121 334 4156 aum
352 4101 463 4156 Redner
481 4100 578 4155 bilden
595 4101 666 4171 will)
755 4117 871 4171 quorum
889 4101 1008 4168 partim,
1034 4099 1061 4152 ll
1079 4116 1119 4167 or,
1141 4100 1200 4155 ihm
1220 4104 1280 4157 ent

105 4174 222 4228 laudare
247 4173 337 4228 claros
360 4172 435 4228 viros
454 4174 484 4226 et
506 4171 665 4242 vituperare
720 4172 827 4241 spricht
840 4171 964 4224 hernach
974 4171 1135 4238 altinatem,
1149 4173 1279 4231 aliisae.

105 4242 665 4385 tulitinsuintilani
719 4242 871 4372 tait?
881 4242 1281 4382 ruinartium&

313 4357 318 4369 ·
1066 4354 1073 4379 s

90 4387 245 4437 exercetur
265 4386 422 4458 multiplici
447 4387 581 4456 variaque
604 4401 664 4440 ma·
719 4381 1280 4455 oratorischeExpektorationgegenein
