2842 4778
497 195 546 249 DE
566 194 737 251 ORATORE
756 195 795 249 ΙΙΙ
813 199 856 264 52,
871 209 918 250 aco.
938 211 987 250 aar.
1261 195 1328 260 493

130 381 142 419 ι
184 393 194 409 ι
246 358 328 422 Tum
357 357 493 443 denique
520 358 573 423 hic
600 358 695 425 nobis
724 362 835 424 orator
863 358 911 422 ita
939 357 1190 423 conformandus
1214 361 1265 424 est
1287 361 1383 425 etaoo

129 447 264 512 averbis
288 451 321 511 et
344 448 526 529 sententiis,
549 450 599 531 ut,
623 446 892 531 quemadmodum
916 447 970 531 qui
992 450 1128 512 utuntur
1152 447 1249 512 armis
1274 452 1331 512 aut

129 536 334 620 spalaestre,
361 557 428 600 non
452 537 555 600 solum
585 535 648 600 sibi
671 534 795 599 vitandi
824 538 881 599 aut
907 535 1043 599 feriendi
1071 535 1230 600 rationem
1259 557 1330 600 esse

157 622 340 688 habendam
363 626 490 708 putant,
514 624 568 688 sed
593 625 703 709 etiam,
725 628 762 688 ut
781 645 853 688 cnm
872 627 1041 688 venustate
1060 627 1260 705 moveantur,
1283 624 1330 690 sic

130 713 265 776 overbis
298 711 426 797 quidem
460 712 499 776 ad
530 717 641 797 aptam
669 712 938 797 compositionem
971 716 1004 776 et
1035 712 1228 796 decentiam,
1261 733 1331 777 sen·

132 800 272 865 etentiis
290 822 366 865 vero
391 800 431 864 ad
450 802 646 885 gravitatem
666 801 824 866 orationis
843 803 960 864 utatur.
997 799 1193 866 Formantur
1212 804 1321 866 autem
1331 817 1383 867 201

158 892 191 953 et
213 890 312 953 verba
335 892 367 953 et
389 889 569 954 sententiae
597 911 700 974 paene
727 889 1007 954 innumerabiliter
1030 887 1130 975 (qnod
1159 890 1239 954 satis
1263 890 1330 954 scio

131 981 271 1042 enatum
291 999 361 1042 esse
375 979 478 1061 vobis,
497 978 599 1043 uteie
619 979 673 1063 qui
692 979 727 1042 in
746 999 908 1042 armorum
927 979 1123 1043 tractatione
1137 974 1331 1064 versantur),

131 1066 213 1130 esed
237 1066 323 1130 inter
345 1066 638 1132 conformationem
658 1067 829 1132 verborum
848 1070 881 1131 et
901 1068 1132 1132 sententiarum
1151 1067 1213 1131 hoc
1231 1068 1330 1131 inter·

158 1157 219 1238 est,
248 1155 334 1239 quod
362 1156 533 1220 verborum
562 1155 702 1234 tollitur,
733 1155 762 1221 si
788 1155 888 1220 verba
916 1155 1065 1239 mutaris,
1096 1155 1331 1221 sententiarum

116 1269 142 1307 11
156 1248 338 1327 permanet,
366 1243 621 1328 quibuscumque
648 1244 756 1310 verbis
784 1244 833 1308 uti
860 1243 951 1309 velis.
996 1243 1089 1320 Quod
1121 1243 1250 1328 quidem
1274 1266 1331 1309 vos

194 1381 421 1451 arenamque
431 1411 464 1420 -
475 1381 550 1435 dann
558 1384 624 1447 eret,
632 1383 718 1436 nach·
772 1382 869 1436 Damit
887 1383 959 1437 aetat
972 1380 1096 1450 Crassus,
1116 1382 1211 1437 iudem
1226 1398 1256 1436 er
1271 1381 1332 1436 sich

160 1453 223 1506 dem
243 1451 293 1506 der
312 1469 399 1521 gaure
418 1452 518 1522 Aurem
536 1453 719 1522 gesehmaclr-
773 1468 808 1505 an
823 1451 869 1506 die
883 1453 986 1507 beiden
996 1453 1136 1524 jungereu
1150 1451 1238 1508 Lente
1248 1451 1333 1508 (latta

158 1522 216 1577 vall
259 1524 376 1577 eordnet
398 1523 448 1591 iet,
472 1524 541 1594 geht
564 1541 593 1580 es
612 1539 649 1577 au
672 1523 718 1579 die
772 1522 831 1577 und
845 1522 984 1593 Sulpicius
999 1524 1258 1594 weudet(vgl.ace)‚
1278 1523 1333 1579 den

158 1542 410 1663 Auescirmficlrung
432 1595 472 1648 im
490 1594 643 1650 Einaeluen
664 1594 719 1648 mit
772 1593 986 1664 angefaugeuen
1009 1592 1160 1674 Vergleich
1192 1594 1249 1650 fort
1275 1595 1333 1649 und

158 1664 258 1719 Perlen
272 1666 329 1719 und
339 1663 529 1733 Edelsteineu,
544 1666 596 1720 mit
612 1665 719 1721 andern
772 1663 952 1733 reohtfertigt
970 1680 1001 1718 so
1019 1664 1158 1732 indnelrt,
1176 1662 1234 1719 dall
1253 1681 1284 1720 er
1302 1682 1333 1720 so

158 1736 276 1789 Warten
294 1752 330 1790 an
349 1735 395 1790 die
409 1736 595 1807 Anbringung
614 1736 664 1792 der
676 1737 718 1791 lu·
771 1735 855 1789 raech
882 1735 954 1790 uber
980 1736 1057 1790 diese
1085 1735 1175 1805 Dinge
1208 1733 1333 1805 hinweg-

158 1806 236 1860 mina
253 1807 402 1861 verborum
426 1809 455 1862 et
473 1808 684 1864 sententiarum.
775 1807 854 1876 geht:
883 1808 916 1861 ut
944 1805 984 1860 eis
1002 1822 1047 1878 sc.
1070 1807 1169 1860 uotum
1197 1808 1252 1873 est,
1280 1807 1334 1861 wie

194 1877 240 1931 laic
262 1907 297 1916 -
320 1876 374 1931 wie
402 1877 454 1932 wir
480 1876 531 1931 ihu
558 1878 601 1932 bis
635 1878 722 1934 dahin
775 1877 934 1946 uberhaupt
953 1878 1043 1933 denen
1057 1875 1126 1946 (und
1144 1875 1216 1932 daau
1233 1876 1336 1948 gehdrt

160 1945 304 2070 gehleidet
319 1948 419 2002 haben.
444 1947 471 2002 H
481 1963 520 2003 raa
534 1950 645 2004 tradam
656 1968 721 2005 enm
774 1946 821 2002 ihr
835 1948 868 2018 ja
886 1948 978 2018 auch),
998 1948 1044 2003 die
1057 1948 1137 2002 nicht
1150 1949 1231 2002 mehr
1245 1947 1275 2002 in
1289 1948 1334 2004 die

183 2032 261 2071 rasso
276 2020 305 2071 et
319 2017 497 2072 vestiendum
512 2023 542 2073 et
556 2020 720 2075 ornandum,
774 2018 1005 2075 Fechtscbule
1025 2019 1126 2088 gehen,
1145 2018 1266 2075 eoudern
1284 2018 1335 2074 be·

196 2089 425 2157 conformandae,
460 2088 590 2144 vollends
622 2106 721 2160 ausge-
774 2090 893 2145 reiteim
903 2089 1336 2161 Kampftinacie)dieWaffen

162 2158 275 2228 stettet,
294 2159 450 2228 gleichsam
468 2159 514 2214 die
533 2159 631 2230 letata,
651 2161 720 2217 vell·
775 2161 911 2228 fdhren‚
926 2160 980 2216 mit
993 2161 1236 2216 andernWorten:
1251 2161 1335 2231 allen,

161 2227 381 2285 eudendeHand
395 2248 431 2286 an
444 2231 494 2286 ibn
508 2234 643 2304 angelegt
652 2250 722 2288 wer·
777 2232 822 2286 die
854 2232 935 2287 nicht
966 2232 1046 2285 mehr
1078 2232 1166 2286 durch
1196 2230 1335 2286 theore-

161 2301 224 2356 dcn.
256 2302 531 2358 DerAusdruclriet
550 2304 722 2361 abeichtlieh
776 2302 914 2357 tischen
932 2302 1336 2357 Elementarunterricht

161 2372 299 2441 ganamt,
332 2391 380 2428 um
411 2374 460 2428 der
487 2375 648 2446 Beuiehnng
675 2376 725 2430 aul
777 2372 906 2440 dauthar,
917 2372 959 2427 als
969 2373 1040 2426 uber
1048 2372 1229 2426 nnbekauute
1237 2372 1335 2443 Dinge‚

162 2443 208 2496 die
227 2443 333 2498 formae
353 2445 420 2499 oder
437 2446 544 2514 figurae
559 2448 679 2501 sentent.
694 2448 724 2501 et
777 2444 962 2498 unterwiesen
987 2462 1020 2497 au
1045 2443 1158 2497 werden
1184 2443 1336 2512 broucham

162 2513 239 2566 verb.
257 2513 352 2568 willan
372 2516 403 2583 (e.
423 2515 482 2568 ind.
500 2515 628 2585 lumina).
777 2513 898 2569 eundern
921 2515 966 2568 die
985 2514 1015 2568 in
1034 2514 1085 2570 der
1102 2514 1266 2568 erwahnten
1285 2515 1337 2569 Be·

198 2589 223 2635 2.
242 2585 291 2651 qni
308 2589 427 2639 utantur
446 2586 607 2653 amiects,
627 2585 673 2640 Or.
683 2601 723 2642 aee
776 2585 897 2654 ziehung
920 2586 1008 2639 schon
1032 2585 1258 2640 reduerische
1283 2584 1337 2640 Er·

163 2652 203 2706 Ut
220 2653 295 2706 enim
319 2655 435 2709 athletae
456 2671 510 2708 nec
531 2656 621 2711 multo
644 2672 723 2712 secus
777 2654 1338 2727 fahrunghabenalsoausErfahrung

161 2723 329 2792 placitatores
354 2725 481 2779 videmus
509 2724 581 2779 nihil
607 2743 659 2781 nec
682 2727 723 2781 ri·
777 2724 955 2795 hiulauglich
965 2726 1338 2794 wissenformariverbaet

163 2793 251 2848 tando
282 2795 374 2850 facere
407 2797 490 2850 caute
522 2813 574 2850 uec
601 2797 724 2866 petendo
778 2797 931 2850 sententias
950 2813 1041 2866 paene
1060 2796 1311 2852 innumerabiliter.

162 2865 353 2934 vehementer,
372 2866 401 2920 iu
421 2882 476 2934 quo
494 2882 551 2920 non
569 2870 663 2923 motus
677 2869 723 2922 hic
812 2869 845 2921 in
854 2884 993 2922 amoram
1007 2868 1171 2923 tractatione
1182 2874 1338 2937 vereantur,

162 2936 269 2991 habeat
299 2938 471 3006 palaestram
505 2939 661 3008 quandam,
693 2941 726 2993 ut
779 2937 842 2993 wir:
861 2938 900 2992 im
920 2937 1125 2994 Waffenwerlre
1143 2937 1234 2994 leben.

165 3007 303 3075 quidquid
326 3008 356 3062 in
374 3008 419 3062 his
439 3009 522 3063 rebus
547 3010 599 3064 fiat
616 3010 725 3064 utiliter
815 3014 840 3064 9.
863 3010 924 3075 aed,
942 3027 990 3063 um
1009 3010 1196 3078 anzudeuten¹
1216 3007 1274 3064 dall
1293 3009 1338 3065 die

163 3078 200 3131 ad
231 3096 370 3150 pugnam,
402 3079 479 3135 idem
511 3080 547 3134 ad
579 3083 725 3151 aspectum
779 3078 908 3150 σχήματα
931 3081 1061 3143 διανοίας
1089 3080 1135 3134 die
1158 3080 1204 3136 bei
1227 3081 1338 3137 weitem

166 3149 253 3202 etiam
271 3149 309 3204 sit
328 3154 490 3205 venustum:
511 3151 551 3206 sic
566 3154 725 3208 oratornec
779 3152 978 3206 airhsameren
992 3153 1077 3221 scien,
1097 3167 1186 3221 eaque
1204 3169 1261 3207 non
1278 3155 1339 3207 tam

164 3219 281 3288 plagam
305 3238 421 3291 gravem
444 3221 528 3290 lacit,
550 3223 605 3278 nisi
622 3222 725 3293 petitio
779 3222 809 3276 in
823 3221 916 3276 verbis
935 3221 1084 3291 pingendis
1103 3223 1211 3278 habent
1227 3224 1339 3292 pondus

163 3289 197 3344 fit
219 3293 312 3359 apta,
335 3309 387 3347 nec
413 3293 482 3348 satis
505 3295 582 3348 recte
601 3295 725 3350 declinat
798 3309 864 3346 uam
896 3293 927 3347 in
959 3293 1106 3348 sententiis
1137 3294 1338 3350 illuminandis.

165 3360 316 3430 impetum¹
344 3363 399 3418 nisi
427 3364 514 3418 etiam
542 3364 571 3417 iu
600 3364 725 3420 cedendo
779 3312 858 3418 brut.
877 3379 924 3419 ιιι.
944 3364 1008 3435 Vgl.
1027 3365 1053 3418 ll
1072 3380 1111 3422 eea
1130 3382 1155 3419 a.
1175 3365 1207 3419 E.

166 3431 248 3499 quid
285 3433 407 3489 deceat
444 3433 602 3504 intellegat.
652 3435 726 3503 Alle,
817 3439 859 3490 11.
877 3435 1077 3506 Qnadqar'dem
1091 3452 1137 3491 voe
1151 3441 1214 3504 etc,
1233 3453 1269 3491 sc.
1284 3437 1339 3490 fcr-

164 3504 254 3556 deuen
285 3503 362 3559 diese
390 3504 562 3559 hethetische
590 3505 726 3575 Haltuug‚
780 3521 856 3560 mare
874 3506 963 3559 verba
981 3508 1010 3560 et
1029 3507 1190 3561 sententias.
1216 3507 1270 3560 Um
1287 3507 1339 3562 sei·

165 3573 211 3627 die
224 3574 337 3644 leichte‚
353 3574 479 3644 grauidae
493 3573 724 3645 Bewegliehheit,
778 3594 843 3630 nem
875 3574 989 3630 Crassus
1021 3577 1071 3631 der
1098 3576 1341 3647 Velleltndiglreit

164 3644 325 3713 uberhaupt
343 3646 393 3698 der
412 3646 508 3699 rechte
527 3644 656 3700 Austand
675 3647 724 3702 ab·
779 3661 879 3727 wagan
901 3648 973 3701 anch
991 3647 1064 3700 uach
1087 3645 1164 3701 disee
1184 3648 1340 3704 schemata-

165 3714 247 3783 ging,
265 3711 370 3770 hiellen
387 3710 582 3785 ἅπάλαιστροι.
779 3717 907 3787 logrsche
926 3715 1109 3785 Explilratiou
1130 3715 1160 3770 iu
1179 3719 1233 3772 deu
1251 3717 1339 3772 Mund

202 3785 288 3839 armis
306 3786 368 3854 eta,
387 3801 435 3840 aee.
779 3786 863 3858 legen
886 3805 920 3841 au
937 3787 1064 3856 konnen,
1086 3784 1151 3841 lasst
1170 3804 1200 3842 er
1222 3786 1272 3842 ihn
1290 3789 1339 3842 ab·

202 3861 227 3909 3.
248 3854 366 3923 uitandi,
386 3873 422 3911 sc.
442 3857 513 3912 ictus
532 3856 635 3924 (Valer.
651 3859 724 3915 Max.
780 3857 912 3913 sichtlich
936 3858 1013 3913 diese
1032 3858 1075 3914 bis
1096 3877 1130 3912 au
1149 3858 1203 3913 den
1222 3858 1340 3914 Worten

167 3924 193 3978 11
207 3931 232 3994 3,
247 3926 271 3996 a)
285 3945 318 3980 au
331 3927 468 3997 parieren,
485 3927 546 3983 sich
560 3946 594 3983 eu
608 3928 725 3987 daches,
781 3929 826 3984 ‘In
847 3931 984 3998 perpetua
1007 3930 1072 3984 eta’
1092 3929 1262 4000 weuigsteus
1286 3930 1340 3984 irc-

202 4003 226 4052 5.
250 4005 358 4068 aptarm
384 4000 614 4070 geschmackvoll
641 4000 725 4071 abge-
777 3999 1034 4071 nischeWeudnng
1043 4000 1257 4056 brauchen:ich
1267 3999 1341 4055 wille

166 4069 313 4138 rundeteu,
331 4070 556 4127 harmoniecben.
779 4072 897 4127 macheu
912 4072 965 4127 wie
981 4071 1026 4127 die
1040 4070 1339 4142 gewohnliohenlthe-

202 4147 226 4195 6.
241 4141 424 4212 Formantur,
443 4141 511 4198 dh
532 4142 577 4198 die
596 4139 725 4214 σχήματα
778 4143 868 4210 toran,
883 4141 974 4197 denen
989 4160 1018 4197 es
1031 4161 1084 4197 nur
1098 4143 1149 4196 auf
1161 4142 1341 4213 Darstellung

167 4210 235 4265 oder
248 4212 354 4268 formae
370 4215 441 4269 seut.
454 4217 483 4269 et
496 4215 572 4270 verb.
583 4215 645 4270 sind
661 4216 726 4270 sehr
778 4213 853 4269 ihres
863 4213 1018 4269 trocheuen
1029 4213 1160 4268 Schemas
1170 4213 1227 4267 und
1242 4212 1340 4268 dassen

166 4282 378 4352 manniglacher
391 4284 452 4340 Art.
480 4284 518 4354 (S.
529 4284 724 4356 iud.lumiua.)
778 4283 916 4339 Kenntnis
940 4285 1101 4352 anlrommi,
1120 4284 1178 4338 und
1195 4300 1277 4338 wenn
1295 4284 1342 4339 ihr

203 4358 228 4406 8.
250 4359 282 4408 nt
309 4356 347 4410 eie
370 4358 437 4425 etc,
465 4373 486 4410 s.
511 4355 538 4410 d.
562 4356 627 4414 lrrit.
651 4357 724 4411 Aah.
779 4356 851 4409 auch
875 4354 984 4424 taglieb
1012 4355 1101 4410 durch
1126 4355 1172 4409 die
1196 4354 1271 4410 Thai
1293 4355 1343 4410 be·

221 4451 268 4494 (tra.
282 4463 314 4494 ns
328 4463 399 4495 onan.
1093 4450 1127 4499 33
