2842 4778
498 272 546 327 DE
567 270 736 327 ORATORE
756 271 795 327 lll
815 277 857 338 54,
872 287 920 327 rue.
1232 269 1297 334 497

99 462 110 498 1
126 437 226 501 etiam
241 437 427 502 effrenatior
442 435 581 522 augendi
596 456 706 519 causa3
720 434 895 518 iracundia,
910 432 1102 518 obiurgatio
1118 434 1299 517 promissio,

98 525 323 610 adeprecatio,
352 525 549 608 obsecratio,
576 523 749 589 declinatio
777 524 886 588 brevis
915 545 934 586 a
962 523 1143 607 proposito,
1171 544 1238 588 non
1263 527 1300 587 ut

97 613 272 697 esuperior
303 614 361 678 illa
391 613 565 698 digressio,
595 611 765 698 purgatio,
798 611 993 695 conciliatio,
1025 611 1140 693 laesio,
1173 611 1298 695 optatio

96 708 222 787 ratque
242 704 430 767 exsecratio.
465 701 527 765 His
547 701 614 766 fere
637 700 814 765 luminibus
838 700 1004 765 illustrant
1027 700 1209 765 orationem
1229 722 1300 764 sen-

125 792 257 856 tentiae.

96 904 109 943 s
213 877 378 945 Orationis
394 883 503 944 autem
517 878 621 964 ipsius
635 881 803 962 tamquam
822 898 986 942 armorum
1006 880 1056 941 est
1074 878 1125 942 vel
1141 878 1180 942 ad
1195 880 1338 943 usumdl
1352 885 1405 938 206

97 968 331 1032 acomminatio
356 971 389 1032 et
413 969 505 1051 quasi
535 967 650 1052 petitio
674 967 726 1031 vel
750 966 790 1031 ad
814 969 1019 1030 venustatem
1042 965 1114 1050 ipsa
1138 967 1300 1032 tractatio.

98 1081 110 1120 a
124 1056 210 1121 Nam
226 1059 259 1121 et
277 1046 456 1142 geminatio
471 1055 643 1121 verborum
661 1055 762 1119 habet
775 1054 936 1119 interdum
951 1055 1026 1138 vim,
1045 1055 1188 1140 leporem
1204 1055 1300 1139 alias,

98 1150 157 1209 eet
172 1145 317 1229 paullum
336 1146 543 1210 immutatum
558 1145 692 1209 verbum
712 1147 807 1228 atque
827 1143 985 1208 deflexum
1001 1146 1033 1207 et
1052 1144 1194 1208 eiusdem
1210 1143 1302 1209 verbi

86 1234 240 1298 1ocrebra
262 1237 334 1298 tum
358 1256 377 1298 a
399 1234 504 1317 primo
527 1233 694 1317 repetitio,
722 1237 791 1296 tum
816 1233 850 1296 in
873 1236 1054 1296 extremum
1077 1233 1245 1298 conversio
1270 1236 1302 1297 et

85 1349 111 1386 11
125 1323 159 1387 in
181 1323 293 1387 eadem
310 1322 409 1387 verba
428 1323 569 1408 impetus
590 1325 623 1385 et
642 1322 810 1386 concursio
831 1324 863 1385 et
882 1321 1045 1387 adiunctio
1066 1325 1098 1385 et
1115 1321 1301 1406 progressio

123 1463 220 1516 nostro
245 1460 378 1527 dicimus,
403 1459 479 1529 quod
501 1476 549 1514 eos
571 1460 685 1514 minime
776 1465 800 1514 9.
833 1459 959 1527 paullum
986 1461 1159 1516 immutatum
1191 1461 1302 1516 cabum

127 1531 261 1598 offendat,
279 1547 335 1601 quo
355 1547 403 1585 eos
422 1535 471 1585 aut
489 1547 559 1600 quos
579 1531 606 1586 ei
623 1529 686 1584 dili·
740 1536 821 1612 atque
833 1531 976 1599 defleam
993 1533 1201 1600 παρονομασία,
1215 1547 1301 1586 anno·

124 1609 208 1673 gunt,
234 1602 331 1684 aliquo
348 1601 379 1655 in
398 1604 491 1657 errato
510 1617 575 1658 vere
594 1619 686 1672 repre·
740 1600 873 1669 mmatio,
897 1602 934 1654 ad
952 1601 1017 1654 Her.
1038 1601 1075 1655 lV
1095 1607 1138 1670 21,
1157 1617 1183 1657 29
1211 1620 1236 1657 a.
1257 1603 1301 1656 est

125 1674 247 1728 henderc
265 1673 420 1728 ardeamus.
742 1689 806 1727 cum
824 1671 860 1724 ad
878 1671 955 1725 idem
969 1671 1085 1726 verbum
1105 1673 1204 1726 autad
1224 1672 1301 1728 idom

163 1752 186 1799 1.
205 1746 365 1810 iracrmdia,
385 1739 585 1812 ripariarum.
740 1758 843 1798 nomen
872 1741 1016 1797 acceditur
1047 1759 1111 1796 cum
1143 1743 1301 1799 mutatione

161 1817 329 1885 abiarpatio,
348 1811 511 1884 ἐπιτίμησις,
532 1811 685 1884 teiningas.
741 1815 823 1868 unius
842 1813 893 1868 aut
910 1811 1033 1882 plurium
1052 1814 1225 1881 litterarum,
1252 1817 1302 1870 aut

157 1887 316 1954 promissio,
335 1883 493 1955 ὑπόσχεσις.
742 1885 778 1940 ad
797 1901 841 1940 res
860 1883 1012 1939 dissimiles
1032 1884 1137 1940 similia
1150 1886 1238 1941 verba
1256 1903 1302 1941 ac·

162 1963 187 2046 2,
207 1957 371 2025 deprecatio,
380 1957 612 2026 προπαραίτηοις,
622 1974 687 2027 cop·
742 1956 962 2039 commodantur,
981 1973 1003 2010 a.
1019 1955 1051 2010 Β.
1066 1955 1170 2027 videte,
1184 1955 1301 2024 iudices,

126 2045 321 2165 yvdblidiratio,
340 2094 445 2166 δέησις,
465 2095 566 2152 ἱκεσία.
741 2027 1042 2169 lmtdlilishdllidol)izdrid
1053 2028 1302 2155 ffilldidrodddeid

162 2169 322 2237 declinatio,
346 2164 528 2239 παρατροπή,
548 2169 610 2223 eine
629 2167 688 2224 bei·
741 2175 841 2238 putare
861 2185 939 2223 ame
959 2186 1019 2224 esse
1034 2169 1175 2238 omissum,
1195 2169 1302 2240 siquid

126 2239 244 2310 leahge,
277 2240 425 2295 scheinbar
452 2240 686 2309 abschweifende,
742 2239 853 2295 esttibi
866 2241 1013 2294 remissum
1031 2242 1116 2308 atqua
1131 2257 1302 2297 concessum.

126 2312 193 2366 aber
218 2313 321 2381 geradc
346 2311 408 2366 hier
432 2311 611 2367 bedeutsame
635 2313 686 2366 Be·

126 2381 272 2452 merkung.

162 2460 187 2507 3.
203 2455 345 2524 parpaiio,
364 2448 513 2521 κάθαρσις.

163 2523 247 2577 laesio
253 2564 263 2590 ,
291 2524 341 2577 das
369 2521 556 2577 absichtliche
584 2521 689 2577 licizen

128 2592 177 2646 des
197 2590 321 2660 Gegners
340 2593 512 2660 provocatio.

163 2665 276 2731 optatio,
297 2659 375 2731 εὐχή.

163 2740 188 2787 4.
208 2735 366 2800 exsecratio,
386 2728 451 2802 ἄρά.

128 2804 157 2873 b)
172 2804 221 2860 der
233 2803 341 2859 Iumina
354 2805 495 2859 verboram
505 2806 651 2872 (soe—208).

164 2881 188 2930 6.
223 2892 377 2943 armorum,
414 2876 464 2929 der
496 2873 687 2944 Gladiatoreu,

778 2309 976 2366 eiusdemoerti
982 2311 1116 2379 repetitio,
1123 2307 1302 2379 ἐπαναφοροὶ,

744 2377 869 2451 ἐπιβολή.
889 2381 925 2435 ad
940 2378 1005 2433 Her.
1020 2380 1059 2435 IV
1070 2385 1112 2446 13,
1127 2396 1153 2435 re
1171 2381 1302 2449 repetitio

744 2455 795 2518 est,
815 2466 879 2504 cum
899 2450 1075 2505 continenter
1094 2451 1130 2505 ab
1145 2468 1200 2506 uno
1215 2455 1302 2520 atquc

743 2523 842 2577 eodem
860 2523 946 2576 verbo
965 2519 995 2575 in
1014 2524 1096 2577 rebus
1115 2521 1254 2578 similibus
1273 2526 1303 2578 et

743 2591 862 2647 diversis
885 2590 1026 2662 principia
1049 2595 1209 2663 sumantur,
1232 2614 1254 2650 a.
1271 2594 1302 2649 Β.

744 2662 838 2732 Scipio
856 2662 1043 2718 Numantiam
1061 2664 1188 2733 sustulit,
1208 2665 1302 2735 Scipio

743 2734 945 2803 Carthaginem
959 2734 1073 2802 delevit,
1090 2735 1184 2806 Scipio
1202 2753 1303 2805 pacem

742 2803 1302 2932 ”ttatlttttltttt‘ttl

814 2912 822 2930 ο
1198 2918 1208 2944 ,0
1292 2907 1303 2919 ”

127 2948 200 3001 nach
233 2948 297 3002 dem
327 2945 368 3002 oft
400 2947 591 3014 gebrauchten
619 2945 688 3000 Ver·
742 2943 861 3016 οοροφή,
881 2943 1015 3016 ἐπιφορά.
1039 2947 1075 3002 ad
1090 2947 1154 3004 Her.
1170 2948 1209 3003 lv
1225 2954 1266 3018 13,
1277 2964 1303 3004 ra

127 3018 221 3087 gleich
239 3020 303 3089 (²⁰⁰3
321 3019 334 3072 I
354 3033 405 3084 14⁷3
425 3017 451 3070 Il
470 3022 516 3086 ec).
743 3015 888 3073 conversio
913 3020 967 3086 est,
991 3034 1042 3087 per
1069 3035 1154 3086 quem
1177 3035 1249 3088 non,
1271 3021 1304 3074 ut

164 3095 188 3143 7.
218 3091 392 3145 comminatio
419 3089 476 3143 und
500 3089 598 3159 petitia
625 3088 689 3142 sind
743 3091 823 3157 ante,
852 3087 974 3158 primum
997 3091 1150 3159 repetimus
1176 3092 1303 3159 verbum,

128 3159 174 3213 die
190 3159 554 3227 eigentlichenhusdriicke
568 3160 613 3214 iar
626 3159 688 3214 ihre
743 3160 792 3214 sed
811 3160 848 3214 ad
871 3161 1045 3230 postremum
1068 3160 1244 3218 continenter
1260 3178 1304 3217 re·

128 3228 367 3299 Angriffsweisen‚
407 3249 488 3286 wean
525 3229 566 3285 sie
602 3230 689 3285 Ernst
742 3230 880 3286 vertimur
894 3250 916 3285 a.
926 3231 958 3287 Β.
969 3231 1077 3287 Poenos
1090 3231 1212 3302 populus
1221 3233 1303 3289 Rom.

128 3302 247 3355 machon
280 3303 345 3370 (mit
371 3304 426 3357 den
453 3301 688 3372 Angriffswaffen,
742 3300 855 3356 iustitia
872 3302 954 3372 vicit,
974 3303 1060 3358 armis
1079 3303 1161 3373 vicit,
1181 3305 1303 3359 liberali·

128 3373 196 3439 tela,
214 3375 260 3443 ee).
279 3373 310 3428 in
323 3372 383 3430 Cat.
398 3373 411 3426 Ι
425 3388 451 3429 15
471 3375 539 3442 quot
558 3389 611 3442 ego
625 3376 688 3427 tuas
742 3373 804 3428 tate
823 3373 900 3429 vicit.

127 3443 280 3512 petitiones
303 3445 346 3498 ita
369 3445 523 3511 coniectas,
549 3449 582 3497 ut
604 3444 689 3498 vitari
780 3450 821 3499 11.
850 3445 883 3498 ia
911 3447 1003 3500 eudem
1029 3446 1112 3500 verba
1136 3445 1253 3515 impetes
1278 3451 1304 3501 et

127 3531 210 3586 posse
234 3531 291 3570 non
313 3515 489 3583 viderentur,
512 3529 601 3584 parva
620 3531 688 3581 qua·
742 3516 894 3580 concursio,
913 3511 1058 3585 σνμπλοκή
1079 3515 1147 3570 oder
1163 3516 1302 3586 κοινότης.

129 3587 194 3639 dam
213 3585 403 3640 declinatione
420 3587 457 3652 et,
476 3588 508 3639 ut
522 3585 610 3652 aiunt,
628 3601 687 3639 cor·
742 3585 779 3641 ad
801 3585 867 3641 Her.
886 3584 925 3639 IV
946 3593 993 3655 14,
1012 3602 1038 3641 ao
1066 3587 1223 3657 complexio
1250 3590 1303 3655 est,

127 3673 195 3726 pore
215 3655 309 3724 effugi.
363 3669 365 3674 ·
744 3673 816 3725 quae
838 3658 986 3725 utramque
1008 3657 1206 3727 complectitur
1225 3675 1303 3713 exor-

164 3730 228 3794 ipsa
241 3726 381 3792 tractatio,
401 3725 570 3794 eigentliche
583 3727 688 3781 tracta·
743 3727 887 3781 nationem
908 3757 941 3766 -
960 3729 992 3781 ut
1010 3730 1040 3782 et
1062 3729 1207 3799 repetatur
1226 3728 1303 3784 idem

128 3797 169 3851 tio
189 3797 225 3851 ad
244 3799 433 3864 venustatem,
457 3793 528 3851 bloss
547 3815 594 3851 um
613 3797 689 3852 seina
744 3798 859 3851 verbum
879 3798 990 3867 saepius
1009 3802 1039 3855 et
1057 3800 1154 3855 crebro
1173 3799 1210 3853 ad
1227 3799 1303 3854 idem

129 3868 221 3922 Kunst
239 3885 271 3921 za
290 3866 398 3936 zeigen,
416 3883 455 3934 se3
475 3867 503 3921 II
520 3883 560 3923 err
578 3885 634 3922 non
652 3869 689 3923 ad
743 3869 916 3938 postremum
943 3873 1130 3938 revertamur,
1159 3891 1182 3926 z.
1202 3869 1233 3926 B.
1254 3872 1304 3940 qui

128 3937 239 4006 vulnus,
259 3938 308 3993 sed
327 3939 364 3993 ad
383 3940 514 4009 speciem.
744 3941 816 4007 sunt,
826 3938 875 4008 qui
885 3940 1000 3997 foedera
1010 3942 1166 4011 ruperunt?
1186 3941 1303 3996 Cartha-

165 4016 189 4064 8.
216 4011 380 4081 pemiaaiio,
413 4005 610 4072 ἄναδίπλωσις.
652 4011 688 4065 ad
743 4009 897 4079 ginienses3
930 4013 979 4080 qui
1007 4015 1084 4080 sunt,
1112 4013 1162 4081 qui
1190 4012 1303 4068 crudele

128 4082 193 4136 Her.
204 4081 242 4136 IV
251 4088 294 4150 28,
304 4097 330 4136 as
345 4079 553 4152 conduplicatio
567 4085 610 4136 est
625 4098 688 4135 oum
742 4081 849 4136 bellum
868 4085 1032 4152 gesserunt?
1060 4084 1192 4152 carthag.
1213 4088 1266 4140 etc.

128 4152 238 4208 ratione
270 4153 498 4222 amplificationis
532 4159 582 4207 aut
614 4168 687 4207 com·
778 4154 931 4224 adiunctio,
951 4150 1098 4220 ἐκίζοοξις.
1127 4154 1164 4209 ad
1183 4156 1249 4210 Her.
1263 4155 1302 4209 lV

129 4223 319 4280 miserationis
356 4224 482 4279 eiusdem
519 4223 601 4279 unius
638 4225 689 4279 aut
742 4228 785 4290 2⁷,
805 4239 831 4279 es
859 4222 914 4280 adi.
940 4227 983 4280 est
1007 4241 1070 4280 cam
1095 4227 1223 4294 verbum,
1246 4241 1302 4295 quo

129 4294 252 4363 plurium
278 4295 428 4350 verborum
450 4293 578 4364 iteratiO,
607 4312 630 4350 a.
654 4295 686 4351 Β.
741 4309 785 4348 res
822 4294 1081 4365 comprehenditur,
1125 4313 1180 4352 non
1216 4298 1303 4352 inter·

129 4365 257 4434 proditor
272 4367 390 4435 patriae,
409 4365 545 4434 proditor,
563 4366 687 4435 inquam,
742 4364 881 4434 ponimus,
896 4366 946 4420 sed
960 4370 1010 4420 aut
1025 4366 1147 4436 primum
1162 4370 1212 4423 aut
1225 4370 1302 4439 post-

128 4435 247 4505 patriae.
742 4451 850 4490 remum
870 4436 1048 4506 collocamus,
1068 4439 1136 4495 oder
1149 4438 1246 4496 besser
1262 4438 1304 4492 ‘in
