2842 4778
501 234 550 289 DE
569 233 741 292 ORATORE
760 235 800 291 Ill
818 241 866 306 25,
883 253 915 293 er.
929 254 963 293 ee.
1257 238 1323 302 443

127 399 342 480 rspectsntur
369 397 449 462 haec
479 420 621 482 corpore.
668 398 716 464 Ut
742 421 840 482 porro
869 421 1042 484 conspersa
1070 402 1114 465 sit
1141 401 1233 486 quasi
1256 423 1325 467 ver-

126 485 270 550 aberum
294 488 593 571 sententiarumque
616 488 760 570 floribus,
782 487 816 552 id
838 510 904 553 non
928 488 1024 554 debet
1047 511 1118 555 esse
1141 491 1251 554 fusum
1274 512 1326 556 ae·

126 574 331 659 equabiliter
358 596 416 658 per
444 597 572 641 omnem
595 577 791 662 orationem,
819 577 874 642 aed
898 578 946 642 ita
968 578 1173 664 distinctum,
1200 584 1238 643 ut
1260 580 1327 644 sint

125 663 248 748 rquasi
271 664 305 727 in
328 669 445 729 ornatu
468 665 627 749 disposita
651 665 809 750 quaedam
832 667 976 752 insignia
999 672 1032 732 et
1054 668 1186 733 lumina

126 772 140 813 s
244 751 353 817 Genus
377 753 478 836 igitur
500 753 621 819 dicenti
644 759 696 820 est
718 756 915 841 eligendum,
943 757 1030 840 quod
1052 758 1192 822 maxime
1215 760 1327 821 teneat
1344 777 1379 826 97

155 862 220 922 eos,
243 841 299 926 qui
322 842 468 922 audiant,
496 848 530 907 et
553 843 638 927 quod
660 866 728 909 non
751 844 857 909 solum
881 846 1032 925 delectet,
1055 846 1111 910 sed
1134 847 1233 910 etiam
1257 847 1326 911 sine

128 931 307 994 rsatietate
330 931 481 1016 delectet,
502 969 547 978 —
569 955 634 997 non
657 935 742 997 enim
768 955 788 998 a
810 956 862 998 me
885 934 950 999 iam
974 935 1154 1019 exspectari
1177 939 1267 1019 puto,
1289 940 1327 1000 ut

155 1040 319 1103 moneam,
347 1026 384 1084 ut
411 1021 565 1104 caveatis,
593 1044 634 1087 ne
664 1022 770 1107 exilis,
796 1045 837 1087 ne
865 1023 989 1088 inculta
1012 1025 1055 1088 sit
1076 1027 1188 1088 vestra
1211 1025 1327 1106 oratic,

155 1129 197 1172 ne
221 1109 380 1192 vulgaris,
403 1131 443 1173 ne
467 1110 624 1194 obsoleta,
648 1112 735 1176 aliud
759 1112 913 1195 quiddam
937 1112 1042 1177 maius
1066 1117 1100 1177 et
1121 1113 1252 1197 ingenia
1274 1134 1326 1176 me

114 1219 141 1258 ιο
155 1197 327 1262 hortantur
350 1202 458 1263 vestra
481 1203 514 1264 et
537 1204 660 1264 aetates
682 1225 740 1284 -3
765 1200 897 1266 difficile
922 1201 1009 1266 enim
1032 1202 1122 1267 dictu
1145 1205 1208 1284 est,
1231 1223 1325 1286 quae·
1345 1219 1378 1269 98

114 1309 140 1347 11
154 1308 232 1351 nam
256 1308 353 1351 causa
377 1288 432 1371 sit,
455 1309 511 1352 cur
534 1309 571 1352 ea
595 1311 677 1373 quae
701 1290 840 1354 maxime
864 1312 977 1356 sensus
1000 1294 1132 1356 nostros
1154 1291 1327 1375 impellunt

154 1376 321 1460 voluptate
341 1379 373 1440 et
392 1377 498 1460 specie
516 1376 622 1461 prima
641 1379 794 1443 acerrime
809 1382 1021 1462 commouent,
1041 1380 1082 1445 ab
1098 1380 1144 1444 eis
1159 1380 1327 1444 celerrime

154 1464 289 1529 fastidio
321 1465 462 1548 quodam
494 1469 526 1529 et
557 1467 707 1531 satietate
740 1467 967 1534 abalienamur.
1019 1465 1148 1544 Quanto
1182 1468 1327 1533 colorum

155 1553 394 1639 pulchritudine
413 1558 446 1618 et
463 1554 620 1620 varietate
639 1555 805 1621 floridiora
824 1557 947 1620 suntin
962 1557 1098 1641 picturis
1113 1557 1208 1621 novis
1223 1558 1327 1641 plera-

115 1664 141 1704 ιι
156 1664 217 1728 que
237 1664 334 1726 quam
352 1643 387 1706 in
404 1644 582 1709 veteribus!
603 1666 684 1730 quae
703 1649 824 1729 tamen,
842 1645 970 1709 etiamsi
988 1646 1094 1729 primo
1113 1650 1247 1729 aspectu
1266 1668 1326 1711 nos

192 1840 215 1888 1.
244 1841 276 1889 at
302 1851 448 1904 comperce
477 1838 514 1892 sit
544 1867 577 1876 -
601 1839 632 1893 id
658 1855 715 1893 ooo
770 1839 870 1892 ornatu
889 1853 989 1893 scenae
1007 1838 1058 1892 aut
1075 1836 1130 1892 fori
1148 1835 1329 1907 appellamur

154 1907 230 1962 debet
246 1923 301 1961 ease
318 1907 411 1973 fresam
431 1937 471 1961 —.
492 1908 639 1979 conspergi
657 1911 714 1964 und
768 1910 902 1978 imiynio,
920 1925 977 1964 non
990 1910 1067 1978 qnod
1080 1907 1142 1963 sola
1155 1911 1264 1977 ornent,
1278 1907 1328 1963 sed

153 1977 234 2032 fundi
251 1994 349 2046 per-
364 1977 461 2032 bilden
480 1979 560 2032 einen
576 1981 713 2048 gewissen
768 1980 843 2048 quod
862 1980 1011 2035 excellant.
1046 1980 1072 2035 S.
1091 1978 1149 2034 ind.
1169 1979 1284 2035 lumina

154 2047 320 2119 Gegensatz.
358 2048 452 2104 Daher
470 2050 545 2132 kann
564 2050 644 2104 nicht
662 2052 712 2134 das
782 2057 828 2133 .⁶·
849 2052 960 2133 Genua
979 2052 1040 2106 also
1064 2055 1137 2134 erst
1159 2049 1277 2106 handelt
1299 2066 1328 2104 es

155 2121 711 2263 tutetitztlttlttrttirli
764 2120 1329 2264 {ttintutittttttit

154 2265 275 2318 sondern
288 2263 318 2317 id
332 2265 401 2334 geht
415 2265 478 2318 dem
489 2263 574 2320 Sinna
584 2264 656 2319 nach
666 2266 717 2319 auf
767 2266 812 2320 irn
835 2267 965 2320 (lanian
989 2267 1143 2334 (-c.3'1‚
1167 2268 1226 2331 148).
1261 2263 1330 2318 Hier

154 2336 302 2389 verborum
335 2337 593 2407 sententiarumque
624 2337 714 2406 flores,
768 2337 839 2392 wird
858 2338 908 2391 das
923 2335 1143 2406 Hauptgewicht
1161 2334 1266 2389 darauf
1281 2352 1329 2404 ge·

155 2405 215 2460 also
260 2406 411 2462 verborum
456 2409 715 2478 sententiarumque
767 2407 841 2478 legi,
866 2406 923 2461 dan
947 2409 996 2460 das
1019 2407 1160 2461 Kolorit
1183 2405 1233 2461 der
1251 2405 1329 2460 Rede

154 2477 236 2530 flores
256 2493 312 2530 non
330 2478 435 2531 debent
452 2479 509 2533 fusi
528 2479 715 2547 aequabiliter
767 2477 1330 2549 nichtaugrellundtiberladen,sondern

154 2563 205 2614 per
227 2563 338 2600 omnem
363 2548 533 2616 orationem,
562 2551 610 2604 sed
635 2550 715 2616 quasi
768 2551 922 2620 mbglichst
936 2549 1047 2604 einiach
1061 2549 1101 2603 sei
1117 2551 1161 2618 (-
1173 2565 1197 2602 c.
1211 2554 1254 2616 26,
1270 2549 1328 2618 roa).

156 2617 246 2683 sparsi
264 2633 334 2670 esse.
367 2616 456 2671 Darin
473 2619 544 2687 liegt
562 2622 611 2673 der
623 2609 714 2675 iiber-
805 2628 830 2674 ’1.
853 2638 911 2677 noer
929 2639 948 2675 a
965 2639 1005 2676 me
1023 2621 1175 2690 exspectari
1190 2626 1273 2689 pato,
1298 2625 1331 2673 ut

156 2703 232 2755 gang
250 2705 284 2739 zu
303 2688 353 2741 der
370 2686 408 2741 im
424 2688 585 2758 Folgenden
605 2691 714 2745 enthal·
767 2694 1085 2759 marcomannorum,
1099 2693 1330 2747 neorats'ooestra

154 2759 240 2811 tenen
258 2758 407 2829 Warnung
425 2775 475 2813 vor
493 2746 682 2831 tiberiadung.
768 2765 805 2816 sit
828 2764 872 2817 ein
893 2762 1014 2832 Beispiel
1036 2781 1091 2819 von
1109 2761 1244 2832 ungleich
1262 2765 1328 2831 grti-

191 2836 216 2883 2.
230 2831 324 2896 fusam
339 2831 527 2899 aequabiliter,
542 2829 587 2886 Or.
604 2847 654 2900 1⁰⁶3
675 2849 714 2888 rae
768 2831 851 2887 lieret
879 2832 1138 2905 Schwerfulligkeir
1165 2834 1214 2888 des
1236 2832 1329 2889 Latoi-

153 2899 715 3029 srrrosocircueas
768 2903 1330 3032 scamerasrim

156 3060 216 3098 esse
239 3044 324 3099 debet
346 2993 425 3116 (uiep
433 3063 514 3101 sucus
534 3050 564 3102 et
582 3045 714 3117 sanguis),
767 3018 1329 3117 ich,erwartetibrheineWarnirngen

154 3117 249 3169 tumen
263 3117 293 3169 in
307 3118 500 3172 communibus
513 3116 583 3173 loeis
592 3117 714 3173 maxime
769 3135 829 3174 vor
843 3118 935 3173 einem
944 3119 1097 3190 dfirftigen,
1111 3118 1329 3190 ungahobelten,

155 3187 281 3242 excellet.
768 3190 916 3259 gemeinen
955 3192 1023 3246 oder
1060 3192 1216 3247 veralteten
1245 3189 1329 3245 Vor-

191 3264 216 3311 3.
231 3260 273 3312 ito
290 3260 460 3329 distinctum,
479 3277 509 3317 so
524 3278 560 3315 an
574 3260 714 3316 verschis·
768 3265 874 3332 trega.

156 3329 247 3383 denen
266 3328 372 3384 Stellen
391 3330 578 3400 eugebranni,
598 3349 646 3388 aur.
805 3339 847 3388 10.
857 3334 981 3401 difficile,
995 3334 1185 3403 Begriindunq
1199 3334 1249 3387 der
1257 3332 1329 3389 Vor-

191 3405 215 3452 4.
226 3402 306 3469 quusi
315 3403 377 3467 etc,
392 3401 469 3456 Brut.
480 3418 520 3458 sss
530 3407 609 3457 erant
618 3406 713 3458 autem
769 3403 876 3471 schrift,
891 3405 945 3459 den
960 3403 1142 3473 allzugrellen
1157 3403 1328 3460 Farbenauf·

155 3472 185 3525 et
193 3473 342 3526 verborum
353 3477 382 3526 et
392 3474 714 3543 sententiarumlumina‚
768 3477 832 3544 trag
855 3492 890 3528 au
908 3475 1019 3530 meiden
1038 3476 1125 3530 durch
1144 3475 1329 3546 Hinweisung

155 3558 227 3610 quae
254 3548 357 3598 vocant
375 3543 475 3598 Graeci
494 3544 635 3615 σχήματα,
654 3548 715 3614 qui·
770 3545 1328 3617 aufeineallgemeineSinneserfahrnng.

155 3613 206 3666 bus
224 3615 369 3682 tamquam
388 3614 547 3682 insignibus
565 3618 595 3670 in
614 3622 716 3672 ornatu
807 3623 848 3670 11.
863 3634 913 3671 aar
926 3634 958 3671 eo
972 3634 1050 3686 quoe,
1065 3648 1098 3657 -
1110 3619 1198 3672 abeis
1208 3649 1252 3686 —,
1266 3620 1328 3674 eine

155 3684 382 3754 distinguebatur
400 3686 490 3740 omnis
508 3687 607 3742 oratio.
769 3687 971 3755 Anakoluthie3
998 3686 1095 3742 Cicero
1119 3689 1210 3758 hatte,
1237 3690 1279 3744 als
1298 3706 1328 3743 er

190 3758 222 3811 in
231 3756 714 3825 ornata—imgesamtensehmuclr
769 3759 824 3812 den
838 3757 902 3811 Satn
917 3775 966 3812 cur
979 3774 1014 3812 ea
1028 3757 1130 3826 anfing,
1150 3760 1195 3813 ein
1209 3761 1328 3814 anderes

154 3828 211 3881 und
229 3827 299 3880 Puta
318 3829 376 3894 (aa).
768 3829 982 3898 Hauptverbum
1002 3829 1040 3883 im
1061 3830 1153 3885 Sinna.
1360 3897 1363 3902 ι

191 3900 335 3966 disposita,
353 3897 414 3953 hier
432 3900 489 3952 und
509 3900 546 3954 da
563 3900 685 3955 verteilt.
804 3905 847 3954 15.
870 3902 902 3955 ia
925 3903 1070 3969 ueteribus,
1097 3900 1152 3955 mit
1177 3901 1253 3954 ihrer
1275 3899 1328 3953 Be·

189 3972 334 4094 iqriqnioh
342 3970 402 4024 sind
430 3971 476 4025 die
500 3971 643 4096 qinzelnlqn
666 3972 713 4098 ὶέἷ
767 3972 948 4062 sthanlruug
962 3973 1012 4096 qul
1025 3973 1070 4098 dqe
1084 3970 1328 4107 wenqge'nq'aqtlren

154 4059 325 4194 :ideliersund
335 4058 593 4183 eSrdlrorirrdtrglisnadiruen‚
607 4059 712 4183 giiich-
766 4044 1039 4197 qwqquffioqqrqqqq
1053 4060 1327 4184 dddidcrwhiilhriblds

155 4201 216 4238 sam
249 4184 294 4238 dre
327 4184 426 4240 Perlen
458 4188 515 4240 und
543 4185 713 4254 Edelsteine,
767 4185 835 4240 solla
858 4187 1032 4241 immortaha
1053 4187 1105 4240 illa
1123 4200 1210 4253 opera
1227 4183 1327 4252 fecere,

154 4258 208 4311 mit
234 4256 324 4308 denen
353 4255 402 4310 der
426 4275 514 4326 genre
539 4256 638 4327 hnzug
665 4276 713 4328 ge·
767 4274 802 4311 ex
821 4259 893 4312 albis
911 4257 1025 4324 Melino,
1045 4274 1079 4311 ex
1097 4255 1208 4312 silaceis
1222 4256 1326 4324 Attico,

155 4326 304 4381 schmfielrt
321 4326 368 4383 ist.
406 4329 451 4383 Or.
467 4345 506 4383 rea
524 4328 631 4383 lumina
648 4331 714 4383 sunt
768 4345 802 4383 ex
815 4327 892 4383 rubis
904 4329 1036 4399 Sinopide
1050 4328 1176 4399 pontica,
1191 4345 1225 4382 ex
1238 4328 1327 4398 nigris

155 4398 229 4452 enim
252 4397 358 4453 similia
379 4398 452 4466 illis,
474 4416 547 4469 quae
571 4400 600 4454 in
618 4400 712 4469 amplo
768 4401 875 4455 atrame
895 4401 933 4456 to.
976 4400 1086 4468 Or.ae;
1113 4400 1262 4471 itaquid?
1304 4400 1327 4454 si
