2842 4778
496 188 545 244 77
565 187 987 255 aaaronuuira,ao.1a.
1130 160 1136 173 ’
1254 184 1319 250 477

127 361 234 420 77777
259 351 440 419 animum'
465 374 525 437 pro
548 374 649 436 parvo
673 352 819 417 dicimus.
860 349 982 415 Verum
1000 350 1058 414 7117
1076 349 1233 414 videtisne
1251 369 1321 414 7777

153 467 218 510 non
242 443 345 526 verbi,
369 441 425 507 sed
449 441 617 525 orationis,
641 463 723 526 quae
747 462 786 504 ex
807 438 970 524 pluribus,
992 443 1029 502 ut
1050 438 1194 522 exposui,
1216 442 1320 502 trans·

153 532 330 598 lat-ionibus
355 551 500 595 connexa
523 531 620 595 sunt?
643 529 724 595 haec
743 531 861 612 777777,
884 549 966 612 quae
986 531 1043 592 aut
1060 527 1234 592 immutata
1252 547 1321 591 esse

152 622 219 687 dixi
234 624 292 686 aut
306 621 402 684 aliter
416 618 638 704 intellegenda
652 640 689 684 ac
705 619 896 699 dicerentur,
915 619 993 680 sunt
1005 616 1166 681 translata
1180 614 1321 701 quadarn

153 711 258 776 modo.
291 709 341 773 Ita
359 709 405 792 fit,
423 711 460 771 ut
479 709 583 772 omnis
604 707 807 793 singulorum
825 706 997 771 verborum
1010 705 1114 770 777777
1130 708 1227 790 atque
1241 704 1375 770 lauatio

153 799 256 863 tribus
275 798 393 862 existat
411 817 451 860 ex
468 796 576 882 rebus,
595 798 622 862 77
642 801 699 861 777
716 801 879 860 vetustum
893 794 1028 858 verbum
1043 794 1093 876 sit,
1112 793 1197 878 quod
1212 796 1323 857 tamen

154 886 351 953 consuetudo
374 885 458 949 ferre
481 889 600 969 possit,
625 890 681 950 777
705 884 829 950 facturn
847 883 898 948 vel
917 882 1143 948 coniunctione
1161 883 1212 948 771
1231 881 1322 947 novi·

153 980 231 1060 7777,
254 976 288 1039 in
311 996 374 1059 quo
398 975 477 1038 item
501 978 551 1037 777
570 974 703 1039 auribus
723 971 1011 1057 consuetudinique
1030 971 1242 1055 parcendum3
1267 973 1324 1035 aut

126 1065 358 1147 otranslatum,
381 1062 466 1147 quod
488 1063 628 1127 maxime
651 1068 818 1148 tamquam
841 1061 945 1125 stellis
969 1060 1161 1145 quibusdam
1179 1063 1273 1124 notet
1288 1058 1324 1124 'et

155 1154 319 1218 illuminat
341 1152 530 1216 orationem.

114 1265 139 1303 77
243 1239 393 1326 Sequitur
421 1240 621 1304 continuatio
649 1240 834 1321 verborum,
866 1260 948 1323 quae
977 1238 1057 1302 duas
1084 1259 1136 1302 res
1164 1236 1314 1320 maxime,
1325 1254 1376 1302 777

115 1353 141 1392 77
155 1331 402 1397 collocationem
434 1329 588 1412 primum,
621 1328 735 1393 deinde
768 1327 899 1392 modum
931 1325 1091 1413 quendam
1118 1325 1321 1410 formamque

116 1442 141 1480 77
156 1421 324 1485 desiderat.
376 1415 605 1484 collocationis
633 1420 684 1482 cst
711 1438 901 1500 componere
929 1421 963 1482 et
991 1421 1116 1481 7777777
1144 1415 1244 1480 verba
1268 1414 1324 1496 777,

116 1531 142 1569 77
156 1513 192 1574 ut
213 1530 293 1573 neve
318 1528 412 1591 asper
435 1527 545 1571 eorum
569 1528 744 1572 concursus
767 1527 847 1571 7777
869 1504 996 1570 hiulcus
1021 1505 1079 1583 sit,
1103 1503 1158 1569 sed
1183 1502 1324 1589 quodam

116 1617 143 1658 15
156 1598 252 1662 modo
277 1598 524 1681 coagmentatus
543 1596 681 1660 7717777.
718 1593 758 1659 In
776 1615 839 1679 quo
858 1593 963 1678 lepide
983 1594 1085 1658 soceri
1104 1593 1168 1657 mci
1184 1612 1325 1676 persona

157 1686 234 1750 lusit
255 1687 297 1770 77,
322 1686 376 1771 qni
400 1684 643 1770 elegantissime
665 1683 698 1748 id
722 1683 826 1748 facere
849 1683 971 1766 potuit,
995 1681 1152 1746 Lucilius:

192 1885 215 1931 1·.
234 1893 326 1932 aerum
344 1877 396 1931 illa
414 1876 460 1930 (177
474 1875 619 1945 Allegorie
638 1877 715 1942 aher,
806 1880 848 1931 12.
871 1875 993 1943 modum,
1016 1873 1109 1944 Klang
1128 1871 1325 1944 (7777777777-

155 1948 201 2001 (777
220 1949 292 2002 71777
309 1946 390 2000 nicht
403 1947 443 2000 im
458 1947 602 2000 einzelnen
615 1946 715 2002 Worte
768 1946 940 2002 melodisohe
959 1945 1131 2015 Bewegnng)
1148 1960 1183 2000 77.

154 2018 269 2071 besteht
292 2018 365 2086 (777),
395 2017 470 2070 kann
497 2015 576 2070 nicht
603 2017 715 2072 hierher
803 2014 1326 2087 formamque,Konainnitttundperio·

156 2103 281 2158 genogen
300 2086 420 2143 werden.
457 2087 544 2142 Datin
563 2085 635 2156 liegt
654 2089 714 2143 also
769 2086 865 2144 disohe
878 2087 1057 2159 Gliederung.
1078 2087 1123 2144 Or.
1134 2101 1173 2143 777
1185 2086 1327 2157 explican-

156 2159 219 2212 eine
241 2158 430 2240 Begrdndung
456 2159 503 2212 fiir
531 2157 577 2213 777
599 2159 653 2213 mit
674 2159 715 2214 ita
769 2160 836 2214 dum
850 2160 935 2214 etiam
951 2163 1002 2227 est,
1020 2159 1095 2213 unde
1110 2162 1173 2214 orta
1186 2159 1224 2213 sit
1236 2157 1328 2213 forma

155 2229 259 2301 fit(1ro)
269 2229 450 2300 emgeleitete
458 2230 599 2285 conclusio
607 2230 715 2285 7777777
768 2233 916 2287 verborum
931 2228 1328 2299 dicendumqaequantoscir·

156 2316 195 2358 777
209 2300 405 2372 beginnenden
419 2301 584 2357 Abeehnitts
598 2318 653 2358 van
667 2300 717 2356 der
770 2303 861 2356 cuitus
884 2302 977 2355 faeere
996 2299 1103 2369 deceat,
1122 2300 1212 2368 deque
1230 2314 1327 2355 eorum

156 2372 350 2427 Dreifachheit
363 2373 411 2427 des
425 2371 464 2427 im
480 2371 625 2428 einzelnen
634 2373 717 2429 Wcrt
769 2371 915 2441 particulis
935 2373 965 2425 et
982 2371 1128 2439 tamquam
1145 2368 1327 2425 incisionibus

155 2444 304 2511 liugandau
323 2445 445 2499 7777777.
482 2441 528 2498 Or.
542 2445 616 2513 part.
632 2460 665 2500 1e.
682 2459 715 2501 77.
771 2441 963 2497 disserendum
983 2444 1035 2497 777,

192 2519 216 2566 9.
243 2521 382 2583 tamquam
404 2515 496 2568 stellis.
535 2515 580 2569 07.
605 2529 631 2570 aa
654 2518 715 2570 tum
807 2520 848 2567 13.
877 2513 1017 2569 collocatio
1043 2514 1196 2582 pugnant:
1224 2526 1326 2581 ange·

156 2582 302 2637 illustrant
315 2599 378 2637 eam
393 2582 620 2654 (sacrationem)
634 2585 716 2653 quasi
769 2600 923 2638 77777777
940 2584 1127 2706 Anemurio?
1146 2581 1281 2652 77711777.

157 2652 257 2707 7771177
290 2654 428 2721 quaedam
459 2653 598 2708 translata
628 2655 716 2709 verba
804 2655 1100 2723 struere,wiretwa:sc
1120 2653 1327 2724 ichtcn,fdgen;

157 2724 242 2791 etque
261 2724 417 2777 immutata.
771 2723 815 2779 Or.
824 2740 863 2780 777
873 2730 917 2780 777
926 2725 1001 2781 enim
1009 2724 1089 2793 quasi
1097 2726 1328 2793 structuraquae·

191 2793 244 2850 Die
268 2794 423 2850 Sohdnheit
449 2793 517 2849 oder
543 2794 715 2850 asthetische
770 2795 835 2849 7777
869 2812 919 2851 777
946 2795 976 2850 id
1003 2797 1100 2851 tamen
1126 2796 1176 2850 fiet
1203 2811 1327 2865 operose.

156 2866 284 2935 Haltung
318 2865 367 2920 des
395 2863 463 2919 Stils
492 2864 630 2921 offenbart
656 2865 715 2921 sich
769 2866 847 2921 Brut.
866 2881 901 2922 aa.

157 2939 185 3006 2)
202 2937 231 2991 in
251 2938 301 2992 777
314 2935 541 3006 Verbindung
556 2938 605 2992 der
619 2937 716 2993 Worte
806 2943 847 2992 14.
867 2954 948 3007 asper
970 2939 1023 2993 777.
1047 2952 1094 2993 777.
1132 2935 1178 2992 07.
1198 2951 1237 2992 777
1261 2936 1328 2992 7717

157 3010 198 3077 (77
216 3009 266 3062 (177
283 3008 439 3077 Ρ777777)
458 3007 515 3061 und
533 3025 619 3063 777777
639 3009 666 3076 7)
686 3008 715 3062 77
768 3010 828 3063 tam
857 3009 965 3064 minuta
991 3006 1145 3080 (7777777777)
1169 3008 1238 3062 haec
1263 3022 1328 3061 con·

157 3083 206 3133 der
223 3078 479 3149 Wortstellung
494 3081 539 3149 (-
554 3081 613 3149 777),
632 3080 662 3149 b)
675 3079 715 3134 im
770 3080 887 3136 structio
907 3085 1055 3151 appaream
1075 3079 1124 3134 sed
1136 3081 1231 3134 tamen
1246 3077 1328 3133 stilus

156 3149 350 3219 Rhythmus
370 3153 488 3220 (-1oo).
770 3152 939 3207 exercitatus
976 3151 1080 3208 efficiet
1111 3149 1224 3205 77771777
1256 3148 1329 3204 hano

194 3228 235 3275 11.
255 3222 426 3277 continuatio
443 3223 600 3289 verborum,
619 3222 714 3278 Wort
770 3223 843 3278 viam
854 3220 1328 3294 componendi3namutinlegendo

158 3290 348 3361 verbindung,
366 3291 632 3362 Periodenbildung.
670 3292 715 3351 Or.
770 3294 875 3360 oculus,
895 3296 936 3349 sio
954 3297 1064 3349 animas
1083 3293 1111 3348 in
1130 3291 1249 3348 dicendo
1262 3308 1329 3362 pro-

157 3363 469 3489 {transiliunt
492 3364 717 3503 uitiiset
771 3365 1329 3504 {riuaitrurrnntirtr

473 3476 482 3501 7

157 3506 305 3573 περίοδον,
333 3521 383 3560 777
411 3507 472 3559 tum
495 3506 632 3560 ambitum
656 3509 717 3560 tum
770 3504 870 3574 primis
889 3523 1038 3562 concursus
1057 3510 1107 3561 aut
1123 3505 1232 3561 hiulcas
1246 3522 1329 3562 voces

157 3574 304 3630 circuitum
341 3578 402 3629 tum
439 3576 716 3644 comprehensionem
771 3577 877 3631 efficiat
894 3579 944 3632 777
957 3594 1078 3647 asperas.
1106 3594 1186 3647 asper
1202 3576 1329 3647 σκληρός,

159 3649 208 3700 777
222 3645 525 3700 continuationem
539 3650 589 3701 aut
599 3647 715 3701 circum·
770 3647 809 3701 im
825 3646 983 3718 Gegensata
1001 3664 1057 3702 von
1074 3647 1154 3716 17777,
1173 3648 1261 3702 durch
1275 3649 1330 3702 777

158 3717 338 3786 scriptionem
356 3715 489 3783 dicimus,
513 3733 548 3770 77
567 3717 596 3771 77
615 3717 716 3786 princi·
771 3715 1002 3772 Zusammenstoss
1038 3717 1126 3772 777177
1161 3717 1230 3773 7777
1264 3719 1331 3773 17777

157 3787 212 3856 piis
238 3788 340 3854 solum,
364 3803 399 3840 an
418 3787 447 3841 in
466 3787 610 3856 extremis,
633 3805 669 3842 77
687 3789 717 3844 77
770 3789 937 3859 klingender
954 3788 1162 3844 Konsonanten.

158 3863 277 3926 utraque
310 3859 390 3926 parte
417 3873 549 3912 numerus
575 3860 715 3914 tenendus
805 3861 923 3928 hiulcus,
940 3860 979 3914 im
999 3857 1155 3929 Gagensata
1173 3874 1229 3914 von
1247 3874 1329 3928 eoag-

159 3928 251 3983 77771).
262 3929 716 3999 149collocabunturigiturverba,
770 3934 924 4000 mentetua,
957 3930 1045 3986 durch
1073 3930 1123 3985 das
1151 3929 1328 3986 zusammen-

158 4005 191 4055 ut
214 4003 264 4054 777
282 4003 354 4055 iuter
372 4017 399 4056 se
417 4019 499 4070 quam
517 4002 656 4070 aptissime
674 4019 716 4058 co·
771 4000 869 4058 treffen
881 4021 936 4059 von
948 4002 1086 4059 Volralen.
1110 4000 1204 4067 Quint.
1213 4001 1260 4067 IX,
1270 4008 1295 4069 4,
1304 4016 1331 4056 77

158 4072 289 4127 haereant
303 4075 428 4127 extrema
442 4073 613 4142 cumprimis
629 4089 717 4142 eaque
771 4078 832 4128 7777
855 4074 995 4130 vocalium
1014 4088 1178 4139 concursus,
1201 4071 1330 4142 quicum

160 4142 217 4197 sint
235 4160 320 4213 quam
335 4143 509 4199 suavissimis
524 4144 649 4212 vocibus,
669 4147 719 4199 777
772 4145 890 4213 7777777,
909 4146 970 4200 hiat
988 4149 1017 4200 77
1034 4142 1185 4201 intersistit
1203 4145 1233 4197 et
1250 4143 1331 4212 qnasi

158 4218 190 4268 ut
216 4215 307 4281 forma
338 4217 561 4285 concinnitasque
587 4215 719 4271 conficiat
771 4215 883 4271 laborat
901 4217 999 4272 oratio.

159 4287 254 4341 orbem
274 4303 369 4353 suum,
389 4288 438 4341 777
456 4289 489 4340 77
506 4286 718 4356 comprehensio
809 4288 1019 4356 quodammodo,
1038 4285 1170 4356 gahorig‚
1189 4301 1223 4342 77.

158 4373 298 4413 numerose
316 4360 345 4412 77
358 4360 424 4426 apte
439 4358 524 4412 cadat
537 4355 582 4414 Or.
597 4359 671 4427 part.
686 4374 718 4412 18.
811 4366 852 4413 15.
881 4365 1098 4430 coapmeutatue,
1130 4357 1167 4412 777
1197 4373 1256 4412 777
1280 4357 1333 4410 der

212 4455 259 4496 Orc.
274 4465 307 4495 77
322 4466 394 4497 caan.
1152 4449 1197 4494 *777
