2842 4778
531 201 579 255 ou
600 199 771 257 onerosa
790 201 829 257 111
848 206 892 273 so,
911 218 959 258 ιιι.
1261 202 1327 267 505

125 389 138 426 1
244 363 306 430 Se‘d
330 365 393 429 sibi
417 387 514 449 quom
538 362 650 430 tetulit
672 386 825 430 coronam
849 366 891 430 ob
915 365 1115 450 edlligandas
1137 367 1282 450 mtptias,

241 451 316 517 Tibi
340 453 479 539 ferebat3
502 455 600 537 quom
624 453 800 518 simulabat
823 456 858 518 se
881 454 944 517 sibi
967 454 1032 518 iam
1055 451 1137 518 facis
1162 455 1251 539 dare,

241 542 324 606 Tum
348 542 388 607 dd
412 546 444 606 te
467 542 645 607 ludibunda
668 542 762 607 docte
786 545 819 606 et
842 541 979 607 de‘lioate
1003 543 1128 607 detulit

123 630 252 695 silliud
281 631 444 710 molestia,
474 632 543 695 sins
571 631 855 697 commiseratione
884 651 982 716 grave
1011 631 1174 714 quoddam
1203 635 1236 696 et
1263 652 1327 697 uno

153 740 266 804 pressu
291 741 328 784 ac
352 741 432 785 sono
456 719 644 784 obductum:

126 830 140 870 s
236 806 315 960 gua
338 812 532 892 tempestate
555 807 717 872 Helenam
739 806 833 871 Paris
857 808 1003 893 inndptis
1026 808 1133 872 iunxit
1155 809 1289 893 ndptiis,

126 918 138 958 ι
268 900 396 981 gotum
411 897 555 982 gravida,
574 896 709 980 expletis
723 897 789 960 iam
803 896 870 960 fere
885 895 924 959 ad
940 897 1131 980 pariendum
1147 897 1330 980 mensibus,

126 1008 139 1049 a
243 983 304 1048 Per
322 986 409 1050 idem
427 990 555 1068 tempus
570 984 768 1070 Polydorum
782 983 917 1049 Hecuba
936 986 1031 1069 partu
1050 987 1214 1069 postremd
1234 986 1328 1069 parit.
1416 1008 1419 1013 ’

128 1072 277 1149 stnes
301 1078 410 1139 autem
432 1075 494 1139 hos
514 1078 622 1138 motus
642 1073 795 1158 subsequi
814 1073 910 1137 debet
929 1077 1049 1159 gestus,
1072 1095 1139 1139 non
1156 1073 1210 1138 hic
1229 1074 1417 1138 verbatass

155 1163 337 1246 exprimens
361 1164 516 1246 scenicus,
540 1162 594 1226 sed
617 1163 803 1227 universam
826 1183 894 1226 rem
920 1167 953 1226 et
977 1163 1174 1227 sententiam
1191 1184 1258 1229 non
1277 1161 1328 1225 de·

114 1275 140 1314 11
155 1252 407 1337 monstratione,
436 1251 491 1316 sed
520 1250 756 1335 significatione
785 1250 967 1333 declarans,
993 1251 1131 1315 laterum
1156 1250 1329 1316 inflexione

118 1364 143 1402 ιι
157 1339 218 1404 hac
241 1340 321 1406 forti
345 1362 382 1406 ao
405 1340 501 1423 virili,
524 1361 588 1405 non
614 1340 654 1403 ab
680 1360 776 1403 scena
794 1342 827 1403 et
844 1338 1069 1423 histrionibus,
1092 1341 1148 1405 sed
1168 1339 1209 1405 ab
1229 1340 1329 1404 armis

115 1451 142 1492 rs
156 1431 212 1493 aut
238 1429 336 1493 etiam
367 1451 386 1493 a
412 1428 585 1513 palaestra.
635 1427 753 1492 Manus
782 1431 890 1492 autem
918 1429 1025 1493 minus
1054 1432 1185 1515 arguta,
1218 1429 1330 1513 digitis

189 1607 213 1656 1.
237 1602 291 1658 Sed
310 1604 403 1662 etc..s.
425 1602 479 1656 den
497 1601 564 1656 lrrit.
583 1600 713 1671 Anhang,
769 1599 838 1663 σε’ως
853 1599 984 1671 Πριάμου
999 1621 1028 1655 τε
1043 1599 1158 1672 πατρός.
1176 1602 1258 1657 Hom.
1269 1601 1333 1656 Its

153 1672 204 1727 Die
215 1672 365 1741 Situation,
376 1673 423 1729 die
433 1674 494 1728 sich
504 1673 554 1726 anf
562 1672 609 1727 die
618 1671 713 1728 Hoeh-
767 1676 820 1726 406
831 1672 859 1726 ff.
883 1673 933 1726 der
952 1667 1089 1735 ἀντίθεος
1107 1677 1143 1728 Π.
1162 1674 1331 1743 Πριαμίδης,

155 1743 398 1814 zeitsgebr'auche,
435 1744 633 1799 insbesondcre
666 1742 717 1799 auf
768 1740 819 1798 τὸν
838 1738 867 1796 δ’
888 1739 951 1798 οὖσι
970 1740 1061 1829 eosic
1082 1746 1176 1798 εἴασκε
1187 1740 1332 1830 pixeram

154 1814 204 1868 das
232 1814 416 1871 Heimldhren
443 1817 494 1869 der
521 1814 609 1869 Braut
635 1819 715 1870 untes
769 1808 875 1869 οὕνεκά
904 1811 933 1869 οἱ
959 1833 1029 1884 μετα
1057 1814 1139 1868 παισὶ
1161 1833 1333 1876 sensuros

154 1885 426 1955 Faclrelbegleitung
456 1886 577 1953 bezieht,
610 1886 648 1940 ist
674 1885 715 1939 im
770 1883 834 1940 ἔσκε
858 1883 968 1955 γόνοιο,
991 1887 1044 1940 καί
1059 1883 1089 1940 οἴ
1105 1887 1239 1955 φίλτατος
1258 1881 1331 1940 ἔσκε.

153 1955 307 2010 Einzelnen
329 1973 429 2026 wegen
451 1956 500 2010 der
519 1955 716 2011 Unsicberbeit
805 1964 829 2012 9.
849 1958 976 2027 subsequi
989 1957 1065 2013 debet
1077 1963 1177 2028 pestus,
1194 1955 1257 2011 eine
1271 1958 1332 2009 ent-

156 2027 205 2081 des
222 2025 338 2094 Textes,
362 2027 454 2082 zumal
477 2044 506 2081 es
531 2044 567 2082 an
585 2027 719 2081 weiteren
773 2029 945 2096 sprechende
963 2027 1181 2084 Gestikulation.

156 2097 719 2166 Anhaltspunlrtenfehlt,mitSicherheit
808 2100 890 2154 οιιοα
908 2101 1071 2169 septimam,
1088 2100 1101 2152 Ι
1120 2113 1168 2154 ser.
1196 2098 1274 2153 Brut.
1294 2113 1333 2151 141

155 2166 236 2221 nicht
254 2184 289 2221 zu
309 2167 463 2224 ermitteln:
484 2169 564 2224 ‘aber
581 2168 719 2223 nachdem
774 2173 840 2238 (von
867 2170 1018 2240 Antonius)
1046 2172 1143 2239 gestus
1170 2185 1226 2224 non
1248 2169 1335 2223 verba

156 2239 197 2292 sie
217 2239 272 2293 den
286 2240 523 2295 Hcobzcitslrranz
543 2255 720 2310 genommen,
774 2241 939 2309 exprimens,
960 2241 1010 2294 sed
1028 2257 1093 2294 cum
1107 2239 1255 2294 sententiis
1269 2255 1333 2293 eon·

156 2308 261 2364 reichte
281 2311 321 2364 sie
340 2311 389 2366 ihn
409 2312 452 2366 dir
470 2311 533 2378 hin;
552 2311 611 2365 und
624 2311 719 2366 indam
774 2327 885 2379 gruans.
916 2310 1012 2376 Quint.
1026 2311 1065 2364 IX
1080 2318 1105 2377 3,
1116 2308 1180 2366 ssff.
1195 2306 1246 2363 alii
1260 2310 1333 2374 sunt,

157 2380 198 2433 sie
225 2383 298 2449 that,
326 2383 368 2438 als
397 2382 494 2437 wollte
522 2383 563 2436 sie
591 2401 649 2437 nnn
674 2381 719 2436 die
776 2381 824 2450 qui
842 2399 886 2435 res
906 2381 1064 2435 imitatione
1085 2380 1245 2450 significant
1258 2379 1335 2444 quod

157 2449 402 2507 Hochzeitsfaclrel
430 2455 565 2520 nehmen,
593 2454 648 2521 gab
678 2453 719 2506 sio
775 2454 818 2506 est
828 2468 916 2521 genus
925 2448 1334 2521 quamlongissimeinaetione

158 2519 235 2574 diese
262 2521 322 2575 voll
349 2524 470 2578 heiterer
492 2523 588 2577 Lanne
611 2525 720 2592 gracilis
774 2522 952 2592 fugiendum
972 2522 1070 2576 abesse
1090 2521 1163 2576 enim
1182 2518 1336 2590 plurimum

158 2588 216 2642 und
238 2589 350 2645 reizend
373 2592 418 2645 dir
436 2593 464 2646 in
484 2594 528 2647 die
546 2594 650 2648 Hand!
689 2594 721 2646 ln
775 2611 793 2648 a
826 2592 961 2647 saltatore
988 2592 1073 2647 debet
1100 2595 1206 2659 orator,
1239 2594 1272 2645 nt
1299 2591 1336 2644 sit

158 2662 249 2714 etwas
263 2661 340 2716 kann
353 2662 430 2717 wohl
440 2663 490 2716 das
500 2664 648 2718 beriihmte
657 2663 722 2717 Bild
775 2666 872 2734 gestus
891 2663 927 2716 ad
947 2680 1058 2717 sensum
1076 2663 1176 2733 magis,
1195 2679 1280 2730 qnam
1299 2663 1336 2717 ad

158 2731 208 2784 der
233 2731 348 2787 Roxane
376 2750 432 2787 von
455 2733 558 2788 Aetion
583 2752 632 2787 zur
653 2733 722 2787 Ver·
776 2735 860 2789 verba
879 2735 1114 2789 accommodatus.

158 2802 324 2857 deutlichun
363 2803 477 2872 dienen,
496 2804 550 2859 wie
570 2821 600 2858 es
618 2804 723 2858 Lucian
814 2811 855 2859 11.
875 2807 990 2860 laterum
1008 2806 1168 2874 inflexione,
1195 2801 1337 2858 Onosis

157 2872 260 2928 Herod.
281 2892 302 2928 s.
321 2822 422 2930 deuon
442 2893 465 2930 c.
481 2881 497 2930 t
512 2875 685 2930 beschreibt:
706 2870 720 2929 ὁ
776 2877 858 2944 gestu
877 2877 968 2930 status
988 2879 1097 2930 erectus
1116 2878 1144 2930 et
1163 2875 1267 2940 celsus,
1294 2890 1336 2926 ra·

159 2943 291 3015 duritiis
310 2945 351 3014 ds',
371 2943 457 3009 αὐτὸς
476 2944 528 3016 μὲν
544 2944 722 3017 στέφανόν
775 2965 821 3001 rus
831 2946 965 3014 incessus,
979 2961 1030 3001 nee
1040 2945 1083 3001 ita
1091 2948 1201 3016 longus,
1212 2944 1337 3000 excursio

158 3035 236 3068 τινα
259 3012 377 3088 ὀρέγει
400 3019 440 3105 τῇ
459 3019 574 3083 παιδί,
597 3016 722 3088 πάροχος
776 3017 923 3073 moderata
946 3032 1035 3086 eaque
1060 3033 1136 3086 rara,
1164 3015 1244 3070 nulla
1266 3015 1337 3070 mol·

158 3084 191 3140 di
206 3087 256 3140 καὶ
269 3108 460 3159 νομφοιγωγος
470 3086 642 3159 Ἡφαιστίων
657 3107 722 3158 cop·
776 3089 839 3144 litia
855 3087 1004 3156 cervicum,
1017 3089 1113 3144 nullae
1129 3086 1255 3157 argutiae
1266 3086 1337 3155 digi-

159 3155 721 3300 “t‘'ttddttttttttttttttlt
776 3162 884 3286 tiu
906 3156 1338 3300 tttdtttattttttitt

161 3275 505 3372 uiesergescuiagenueu
715 3273 722 3299 '
774 3303 923 3358 moderans
952 3304 982 3357 et
1010 3303 1088 3358 ιιιιιι
1116 3304 1232 3358 rmum
1258 3302 1337 3369 οισι-

195 3386 278 3439 praue
310 3375 447 3443 quoddam
481 3391 538 3429 meo
561 3391 660 3444 pressu
688 3389 721 3427 oe
775 3376 858 3430 dieue
872 3373 1011 3443 (Haltung
1024 3375 1075 3428 der
1089 3373 1193 3442 Brust),
1211 3371 1339 3427 bracchii

159 3456 226 3495 sono
253 3443 412 3513 obductum,
440 3445 638 3513 schwermtitig
663 3443 721 3497 und
775 3445 949 3514 proiectione
968 3445 997 3498 in
1016 3444 1255 3510 contentionibus,
1275 3458 1338 3498 con·

160 3514 304 3568 monoton.
776 3516 914 3570 tractione
933 3517 963 3569 in
980 3515 1115 3570 remissis.

197 3588 221 3636 6.
248 3585 309 3652 Quo
332 3590 498 3654 tempestate,
521 3588 575 3640 ete.
594 3583 722 3638 Ribbeck
815 3591 856 3640 12.
876 3586 911 3640 ab
930 3587 1102 3652 ormesta,
1121 3600 1170 3639 roo.

163 3672 190 3723 p.
201 3658 253 3708 209
264 3655 387 3720 (tetram.
397 3655 488 3709 troeh.
499 3658 563 3723 cat,
577 3654 723 3708 vielleicht
751 3657 754 3667 “
814 3663 855 3711 13.
871 3657 963 3711 miuus
972 3660 1083 3725 utpute,
1096 3654 1176 3708 nicht
1185 3653 1339 3709 zulebhaft

162 3741 212 3777 aus
231 3724 280 3778 der
298 3725 389 3780 Iliona
408 3724 456 3778 des
475 3724 633 3793 Pacuvius).
777 3727 835 3781 und
853 3724 1038 3781 theatralisch
1055 3724 1233 3794 hinzeigend.
1266 3724 1337 3780 Gell.

197 3796 325 3864 iuuuptis
350 3797 471 3864 nuptiis,
501 3797 566 3851 Eur.
594 3796 655 3850 Hel.
684 3811 723 3851 sss
776 3799 812 3853 N.
836 3798 869 3852 Α.
893 3799 954 3865 It,
973 3811 986 3850 s
1008 3795 1174 3850 Hortensius
1201 3824 1236 3835 -
1264 3796 1339 3862 quod

166 3859 276 3933 ἄγαμος
289 3862 415 3935 ἄτεκνος,
431 3858 453 3920 ⁰3
467 3866 543 3935 πόσι,
557 3865 724 3922 καταστένει
777 3868 868 3923 multa
904 3866 1045 3922 munditia
1077 3868 1106 3922 et
1137 3867 1339 3934 circumspecte

162 3933 272 4004 γάμον
291 3934 426 4009 ἄγαμον
445 3939 502 4005 (die
521 3938 724 4007 Ungldclrshei·
779 3938 990 4009 compositeque
1018 3938 1134 3992 indutus
1163 3940 1192 3992 et
1220 3935 1339 3990 amictus

161 4008 217 4077 rat)
232 4006 363 4080 αἰσχύνοι,
377 4013 430 4067 wie
441 4009 501 4066 ἄδω
521 4009 723 4079 addpuSopb.
778 4015 854 4066 esset
875 4026 1026 4079 meumque
1048 4009 1122 4064 inter
1139 4008 1280 4078 agendum
1298 4004 1340 4061 fo·

162 4077 196 4133 A.
221 4094 260 4135 sos
288 4065 357 4137 odei
385 4080 476 4153 μήτηρ
500 4080 614 4152 epitom
639 4079 723 4151 Sopb.
778 4082 842 4136 rent
864 4087 979 4206 opputae
1001 4080 1154 4135 admodum
1173 4080 1209 4160 ‘et
1222 4079 1339 4159 ⁸gestuo-

162 4149 252 4206 Elect.
273 4158 351 4210 1154.
779 4170 834 4220 sae,
849 4172 877 4207 m
908 4152 1008 4208 edictis
1018 4150 1339 4220 compellationibusque

199 4226 224 4275 7.
243 4224 308 4293 fere,
327 4225 468 4281 Ribbeck:
487 4225 536 4281 fui.
778 4225 889 4293 probris
916 4223 1039 4279 iactatus
1062 4224 1119 4290 est,
1142 4220 1288 4289 multaque
1310 4220 1341 4274 in

199 4296 224 4345 8.
242 4293 405 4367 Polydorus,
420 4296 484 4352 Eur.
495 4297 561 4351 Hec.
577 4296 622 4350 δί.
634 4293 725 4350 Πολύ·
780 4310 844 4348 eum
871 4296 952 4365 quasi
978 4295 1011 4349 iu
1036 4293 1196 4362 histrionem
1218 4291 1248 4345 in
1270 4289 1340 4360 ipsis

163 4361 255 4432 ‘lusos
268 4363 391 4438 Ἑκάβης
409 4374 476 4430 παῖς
493 4364 582 4437 γεγώς
597 4371 646 4437 τῆς
660 4371 725 4420 mc·
781 4364 873 4419 causis
893 4368 978 4432 atque
997 4361 1109 4418 iudiciis
1128 4362 1206 4416 dicta
1224 4363 1298 4417 sunt.
