2842 4778
509 260 758 329 semiannos
776 272 930 328 marcas.
1028 282 1033 293 ·
1222 269 1286 335 557

115 436 225 493 mahlin
239 437 288 490 des
300 435 327 493 O.
338 436 488 502 Gracchus,
503 433 557 489 den
566 434 676 489 Namen
729 436 760 488 ut
779 432 804 486 si
818 431 879 502 quis
897 433 952 487 hoc
965 433 1035 487 velit
1049 431 1204 497 ostendere,
1224 447 1287 484 eum

115 507 241 566 Licinius
259 522 465 577 angenommen
482 505 563 559 habe.
730 505 777 574 qui
796 506 943 574 parentem
956 503 1072 569 necarit,
1086 501 1207 558 maximo
1223 518 1288 571 sup-

151 579 192 634 ]ll.
216 578 321 634 Livius
346 577 500 634 Salinator
518 576 545 629 ll
563 592 603 632 sn
627 576 676 629 der
729 575 814 645 plicio
839 591 900 629 esse
924 572 1041 643 dignum
1065 576 1130 643 (quo
1149 573 1213 627 loco
1231 573 1289 627 nisi

115 651 170 705 mit
179 649 207 705 O.
220 648 352 704 Claudius
363 650 437 703 Nero
452 647 506 702 dan
516 646 675 702 Hasdrubal
729 649 861 715 perorata
883 648 912 700 et
931 646 1051 714 probata
1069 660 1154 700 conso
1171 661 1228 698 non
1247 645 1290 699 est

113 739 162 776 am
185 721 327 775 Metaurus
356 719 482 786 besiegte
504 719 544 773 im
566 717 590 771 J.
614 723 675 772 206.
729 718 891 787 utendum);
906 720 956 771 aut
969 717 1078 783 dubiae,
1091 732 1163 784 quae
1178 730 1212 768 ex
1225 731 1289 770 con-

116 793 176 848 Liv.
196 790 299 846 XXVII
317 797 352 846 25
375 789 416 844 De
435 789 472 844 M.
491 789 571 844 Livio
595 805 678 858 prae-
730 789 817 844 trario
851 803 961 856 quoque
993 786 1098 841 habeat
1128 786 1289 856 probabiles

116 863 192 918 fecto
212 862 283 916 arcis
298 863 466 917 Tarentinae
480 861 555 915 haud
569 859 676 915 minore
728 860 852 914 rationes
882 857 1109 928 argumentandi,
1141 859 1174 910 ut
1201 855 1291 927 suspi-

118 932 272 990 certamine
283 937 377 988 actum
386 934 431 988 est
441 933 520 1001 (imJ.
528 936 600 1000 208),
612 930 676 985 aliis
729 930 852 986 tionibus
880 927 956 983 credi
984 929 1112 998 oportere
1138 930 1168 982 et
1193 931 1291 982 contra

116 1004 361 1060 senatusconsulto
376 1004 539 1058 notantibus
553 1003 676 1072 praaleo-
731 999 931 1072 suspitionibus
965 1000 1041 1054 credi
1068 1016 1124 1054 non
1153 1000 1289 1068 oportere.

117 1079 189 1143 tum,
208 1077 283 1143 quod
302 1076 362 1130 eius
381 1074 509 1130 socordia
523 1074 676 1128 Tarentum
729 1073 771 1128 Ac
794 1090 858 1143 pars
879 1073 1006 1126 locorum
1028 1071 1217 1127 communium
1239 1085 1291 1138 per

118 1149 263 1218 proditum
281 1145 358 1201 hosti
372 1147 453 1214 esset,
473 1144 536 1198 aliis
551 1143 678 1214 praemia
731 1145 949 1215 indignationem
958 1145 1067 1211 autper
1076 1141 1291 1210 conquestionem

119 1217 343 1284 decernentibus,
363 1217 437 1284 quod
455 1233 506 1286 per
524 1214 677 1283 quinquen·
730 1215 883 1281 inducitur,
910 1231 977 1283 pars
1006 1229 1058 1283 par
1080 1211 1205 1280 aliquam
1227 1227 1291 1280 pro·

118 1289 197 1344 nium
224 1305 318 1368 arcem
345 1289 452 1368 tutatus
475 1291 562 1353 essct,
591 1284 679 1338 maxi·
734 1284 849 1371 babilam
866 1291 984 1370 ancone
1001 1301 1035 1340 ea
1048 1289 1131 1354 parte
1147 1283 1290 1367 rotancia.

117 1360 680 1496 natabat“intinniit
733 1354 1292 1483 ibitiitdiiaaitaiti

120 1519 175 1558 non
203 1503 239 1557 ad
268 1502 394 1556 senatum
422 1500 565 1554 notionem
589 1499 624 1553 de
647 1514 679 1552 eo
734 1498 803 1554 locis
831 1498 1024 1553 communibus
1047 1500 1076 1553 et
1099 1497 1194 1564 aliquo
1221 1497 1293 1563 loco,

119 1573 259 1643 pertinere
278 1571 453 1640 dicentibus,
474 1570 552 1625 cuius
571 1570 680 1624 senten·
734 1570 791 1624 iam
806 1568 970 1624 certioribus
979 1569 1036 1622 illis
1047 1567 1219 1638 argumentis
1229 1583 1295 1622 con·

119 1645 178 1699 tiae
203 1648 232 1700 et
249 1644 353 1698 Fabius
371 1642 438 1709 fuit3
462 1643 567 1697 adiecit
583 1642 680 1694 tamen
734 1641 860 1696 firmatis.
898 1640 972 1694 Nam
995 1642 1107 1693 eitum
1131 1637 1294 1693 conceditur

121 1714 207 1770 fateri
225 1731 255 1769 se
274 1731 360 1784 opera
377 1712 450 1768 Livii
468 1712 619 1768 Tarentum
637 1727 680 1766 re·
735 1727 881 1768 commune
896 1709 1031 1779 quiddam
1044 1708 1144 1777 dicere,
1160 1726 1222 1763 cum
1233 1707 1295 1763 dili·

122 1789 249 1855 ceptum,
275 1786 349 1853 quod
368 1785 451 1838 amici
470 1786 528 1839 eius
546 1783 632 1854 vulgo
650 1782 681 1837 in
734 1785 834 1853 genter
848 1783 951 1850 aliquis
964 1781 1094 1851 proprius
1105 1779 1294 1836 causaelocus

120 1858 221 1912 senatu
239 1856 400 1922 iactassent,
419 1871 509 1922 neque
524 1856 598 1909 enim
612 1854 681 1908 reci·
735 1857 873 1910 tractatus
900 1853 944 1908 est
968 1855 997 1908 et
1020 1850 1156 1907 auditoris
1184 1851 1294 1905 animus

120 1927 259 1996 piundum
287 1923 373 1978 fuisse
403 1925 453 1992 (im
475 1925 500 1980 J.
523 1928 600 1992 209),
627 1924 683 1978 nisi
736 1926 786 1979 aut
808 1927 958 1980 renovatur
980 1923 1017 1978 ad
1040 1940 1074 1978 ea
1096 1938 1168 1993 quae
1185 1922 1297 1977 restant

122 1999 259 2050 amissum
286 1993 360 2048 foret
388 1995 438 2062 (im
460 1993 485 2047 J.
508 1997 581 2061 212).
622 1993 683 2048 car.
736 1999 787 2051 aut
800 1996 928 2052 omnibus
938 1997 996 2049 iam
1007 1995 1090 2049 dictis
1101 1992 1295 2049 exsuscitatur.

123 2067 193 2146 mai..
215 2081 239 2118 11
266 2065 418 2144 Tarentum
446 2081 512 2120 vero
536 2081 592 2134 qua
613 2063 683 2133 vigi·
737 2066 838 2122 Omnia
856 2068 931 2122 enim
948 2071 1111 2122 ornamenta
1129 2065 1298 2134 elocutionis,

122 2138 225 2203 lantra,
254 2153 309 2204 quo
334 2136 450 2190 consrlio
474 2137 594 2205 recepit!
622 2153 684 2190 curn
738 2138 768 2192 in
796 2138 896 2207 quibus
925 2139 954 2191 ot
981 2137 1129 2192 suavitatis
1153 2136 1297 2206 et'giavi·

124 2207 238 2277 quidem
250 2205 410 2276 Salinatori,
419 2209 468 2276 qni
478 2208 576 2262 anino
583 2208 685 2278 oppido
738 2209 806 2264 tatis
825 2209 978 2278 plurimum
1002 2207 1132 2262 consistit
1150 2209 1180 2261 ct
1202 2207 1297 2261 omnia

121 2282 234 2350 fugerat
256 2279 288 2332 in
311 2294 413 2346 arcem,
442 2278 577 2348 glorianti
600 2284 684 2346 atque
738 2297 811 2348 quae
835 2279 996 2334 inventione
1015 2279 1163 2332 verborum
1188 2279 1217 2330 et
1236 2293 1297 2330 sen·

122 2350 165 2405 ita
188 2347 308 2403 dicenti:
333 2349 407 2403 ‘mea
426 2366 524 2418 opera,
549 2349 580 2416 Q.
604 2350 683 2416 Fabi,
738 2351 891 2406 tentiarum
904 2348 1012 2416 aliquid
1022 2347 1127 2402 habeut
1141 2346 1297 2416 dignitatis,

120 2421 273 2477 Tarentum
296 2421 450 2490 recepisti',
470 2422 568 2476 ‘certe'
590 2422 684 2490 inquit
738 2422 769 2475 in
805 2436 965 2475 communes
999 2421 1076 2474 locos
1108 2418 1297 2473 conferuntur.

122 2493 223 2560 ridens,
239 2492 316 2544 ‘nam
330 2490 385 2545 nisi
399 2492 431 2544 tu
442 2491 589 2559 amisisses,
603 2509 683 2546 num·
739 2492 831 2557 Quare
854 2508 911 2545 non
929 2492 962 2544 ut
980 2506 1127 2544 causarum
1146 2488 1187 2544 sic
1206 2491 1298 2545 orato·

123 2571 209 2631 quam
227 2561 418 2631 recepissem'.
738 2580 800 2617 rum
828 2578 938 2630 quoque
961 2561 1114 2615 multorum
1137 2576 1298 2615 communes

160 2633 410 2701 lealcommunes,
426 2647 456 2686 sc
471 2633 602 2700 genannt,
617 2632 685 2686 weil
737 2634 794 2687 loci
818 2634 890 2686 sunt.
931 2630 1005 2685 Nam
1030 2631 1084 2685 nisi
1108 2633 1143 2686 ab
1167 2630 1221 2699 eis,
1251 2633 1300 2698 qui

124 2705 220 2759 solchc
248 2702 356 2758 sowohl
384 2703 433 2755 der
455 2702 612 2772 Ankl'ager,
642 2702 684 2757 als
739 2705 829 2774 multa
842 2705 872 2758 in
886 2703 1085 2759 exercitatione
1098 2719 1229 2773 magnam
1242 2703 1297 2756 sibi

126 2777 200 2830 auch
215 2776 264 2830 der
273 2773 452 2843 Verteidiger
462 2775 491 2827 in
501 2773 686 2842 Anwsndung
738 2776 880 2830 verboram
912 2780 937 2830 et
967 2775 1164 2829 renuntiarem
1190 2774 1298 2841 copiam

123 2847 244 2916 bringeri
261 2846 379 2910 kounte3
398 2845 455 2914 vgl.
471 2845 507 2899 ad
520 2842 586 2898 Her.
600 2843 625 2897 11
637 2850 685 2911 6‚s
740 2846 978 2916 comparaverint,
1001 2843 1118 2898 tractari
1140 2859 1197 2898 non
1219 2845 1298 2913 pote·

123 2918 240 2986 Proprii
259 2918 332 2984 sunt,
352 2915 451 2984 quibus
465 2914 520 2970 nisi
539 2917 687 2970 accusator
739 2918 806 2970 runt
830 2921 925 2972 ornate
952 2919 982 2970 et
1004 2916 1138 2985 praviter,
1166 2914 1301 2983 quemad-

126 2989 268 3057 atquibus
283 2989 338 3042 nisi
352 2987 481 3042 defensor
495 3002 577 3040 nemo
591 2987 687 3056 potest
740 2989 855 3042 modum
862 2989 963 3041 natura
969 2987 1033 3056 ipsa
1043 3002 1138 3040 eorum
1149 2985 1299 3040 desiderat.

125 3059 177 3112 uti.
219 3059 378 3114 Oommnnes
400 3060 478 3128 sunt,
506 3057 553 3127 qui
577 3057 634 3111 alia
656 3058 687 3111 iu
740 3060 817 3113 -In
831 3057 875 3113 his
889 3059 952 3113 finis
967 3061 1010 3114 est
1023 3058 1185 3127 amplitndo.
1205 3057 1250 3112 Or.
1261 3070 1301 3111 125

126 3145 212 3183 causa
235 3130 270 3182 ab
294 3146 357 3197 reo,
379 3128 437 3184 alia
463 3130 498 3183 ab
522 3131 686 3183 accusatore
740 3133 806 3184 sunt
832 3130 952 3184 maxime
979 3129 1134 3185 luminosae
1163 3131 1192 3183 et
1220 3126 1302 3197 quasi

127 3199 296 3253 tractantur.
323 3199 361 3255 Es
371 3201 434 3254 sind
444 3202 503 3255 also
514 3199 686 3254 oratorische
741 3205 873 3256 actuosae
895 3203 992 3270 partes
1016 3202 1100 3269 duae,
1124 3216 1242 3269 quarum
1260 3199 1301 3253 al·

128 3268 346 3338 Gemeinpl'atze,
360 3271 590 3340 hervorragende,
604 3270 686 3340 glan·
741 3276 832 3328 teram
846 3272 877 3328 in
890 3273 1014 3328 nniversi
1026 3271 1132 3342 generis
1146 3272 1302 3341 quaestione

128 3339 215 3395 nonde
231 3338 345 3408 Stellen,
360 3341 405 3397 die
420 3371 453 3382 -
467 3359 550 3396 wenu
563 3343 602 3396 sie
616 3343 688 3396 auch
741 3361 816 3413 pono
835 3361 921 3413 quam
935 3343 1035 3398 Graeci
1049 3342 1196 3413 appellant
1208 3343 1302 3410 θέσιν,

128 3411 169 3464 im
184 3413 301 3481 engsten
310 3412 553 3478 Zusammenhang
561 3414 616 3467 mit
624 3414 688 3468 dem
742 3415 861 3470 alteram
885 3416 915 3469 in
933 3415 1068 3483 onpendis
1086 3415 1302 3482 amplificandis-

128 3483 359 3564 Gedanlrangaug
391 3485 503 3553 stehcn,
539 3484 688 3538 innerhalb
741 3502 793 3556 qne
810 3486 901 3552 rebus,
922 3501 994 3553 quae
1013 3486 1048 3539 ab
1065 3485 1170 3540 eisdem
1184 3480 1302 3553 αὔξησις

126 3555 226 3609 dessen
245 3569 286 3607 sie
304 3556 334 3607 in
353 3555 402 3608 der
416 3555 492 3609 Reda
506 3556 688 3610 vorkommen
742 3558 786 3611 est
808 3557 960 3610 nominata.
998 3554 1075 3619 Quae
1098 3555 1152 3610 etsi
1170 3556 1302 3624 aequabi-

127 3655 162 3666 -
188 3624 262 3679 doch
289 3623 418 3692 augleich
446 3641 476 3679 so
505 3626 689 3696 allgemeiner
740 3627 808 3681 liter
840 3627 902 3681 toto
935 3641 1050 3695 corpore
1079 3625 1214 3680 orationis
1239 3625 1303 3678 insa

128 3697 221 3750 Natur
240 3694 310 3762 sind,
330 3690 387 3748 dass
406 3693 448 3749 sie
466 3696 582 3751 anchin
595 3697 688 3752 vielen
743 3713 803 3752 esse
828 3697 925 3765 debet,
950 3698 1046 3750 tamen
1068 3694 1098 3749 in
1117 3697 1304 3750 communibus

130 3767 237 3820 andern
254 3765 353 3818 Pallen
373 3767 558 3835 angewendet
575 3769 688 3822 werden
743 3770 809 3823 iocis
840 3767 962 3822 maxime
990 3765 1122 3834 excellet,
1151 3766 1200 3835 qui
1228 3782 1302 3820 com-

128 3837 250 3891 kdnnen.
291 3835 330 3889 III
349 3837 418 3892 1oef.
443 3837 478 3891 de
500 3837 557 3893 inv.
575 3839 602 3893 Il
624 3838 698 3892 soff!
743 3855 840 3894 munes
860 3841 925 3893 sunt
943 3837 1079 3908 appellati
1099 3853 1145 3906 eo,
1169 3838 1243 3904 quod
1261 3835 1303 3892 vi-

128 3908 206 3962 Haec
225 3923 291 3976 ergo
311 3910 488 3977 argumenta,
507 3924 580 3977 quae
597 3912 689 3964 trans·
743 3911 845 3965 dentur
867 3911 1018 3965 multarum
1043 3909 1134 3964 eidem
1159 3924 1218 3963 esse
1238 3925 1302 3962 cau·

129 3979 199 4033 ferri
233 3978 264 4032 in
295 3981 400 4034 multas
433 3995 533 4034 causas
564 3981 688 4050 possunt,
743 3998 846 4051 sarum,
865 3982 914 4037 sed
932 3979 1040 4051 proprii
1054 3980 1228 4050 singularum
1242 3993 1303 4034 esse

129 4052 200 4106 iocos
224 4066 375 4106 communes
392 4052 578 4106 nominamus.
614 4052 688 4106 Nam
742 4053 893 4108 debebunt.
930 4053 1007 4107 Brut.
1026 4067 1052 4107 eo
1076 4050 1194 4120 scriptas
1217 4050 1303 4104 fuisse

128 4121 207 4177 locus
222 4125 377 4176 communis
390 4124 440 4177 aut
454 4124 687 4191 renueretquan·
743 4123 863 4194 (dicunt)
898 4128 927 4180 et
960 4124 1075 4195 paratas
1104 4140 1121 4177 a
1148 4123 1304 4192 Protagora

130 4193 198 4271 dam
215 4194 341 4248 continet
358 4195 600 4263 amplificationem
618 4194 688 4265 [ng.
741 4211 833 4251 rann
846 4197 998 4251 iiinstrinns
1007 4194 1215 4263 disputationes,
1231 4208 1303 4262 quas

131 4264 167 4316 ad
194 4265 259 4317 Her.
283 4263 321 4317 ΙΙΙ
345 4270 374 4332 8,
400 4280 426 4320 15
457 4264 488 4317 in
515 4264 577 4334 ipsa
605 4280 690 4319 causa
742 4282 817 4320 nunc
836 4283 994 4322 communes
1014 4264 1191 4334 appellantur
1209 4262 1273 4319 loci.

131 4334 242 4388 crebras
277 4336 306 4388 ct
337 4335 436 4389 breves
463 4336 689 4404 amplificationes
778 4337 933 4404 Longlnus
952 4353 973 4391 s.
993 4337 1111 4406 Oongns.

131 4406 339 4473 interponemus
354 4422 405 4474 per
418 4407 495 4460 locos
506 4406 689 4476 communes],
780 4406 818 4466 0.,
836 4408 971 4463 Lucillus
989 4408 1003 4460 I
1021 4424 1055 4464 n.
1083 4407 1109 4461 Il
1128 4422 1166 4473 253
1186 4421 1234 4462 ass.
1265 4405 1305 4461 ΙΙΙ
1330 4455 1333 4463 .

187 4501 235 4543 010.
248 4511 281 4542 nn
296 4511 368 4544 casn.
468 4542 471 4547 ,
1059 4501 1093 4550 37
