2842 4778
382 262 430 317 DE
450 261 623 318 ORATORE
642 261 681 316 111
700 266 742 329 66,
758 276 868 317 616616.
888 264 998 328 66616.
1212 259 1276 324 501

104 426 308 510 Quamquam
335 425 369 490 id
401 424 530 509 quidem
553 423 761 510 perspicuum
785 427 848 506 est,
876 445 943 487 non
967 423 1055 486 omni
1079 444 1196 486 causae
1219 443 1278 487 nee

103 516 245 580 auditori
277 535 381 598 neque
413 535 571 598 personae
604 534 708 597 neque
740 513 882 595 tempori
911 530 1089 596 congruere
1118 511 1275 576 orationis

101 626 202 668 unum
221 623 334 687 genus.
370 599 455 666 Nam
475 605 508 666 et
527 623 644 666 causae
665 600 782 684 capitis
802 601 903 664 alium
924 599 1084 684 quendam
1104 600 1338 664 verborumrll

102 715 218 758 sonum
240 690 420 775 requirunt,
444 689 544 754 alium
567 711 675 754 rerum
694 689 897 773 privatarum
916 694 1012 772 atque
1031 710 1219 771 parvarum,
1243 693 1277 753 et

103 780 191 845 aliud
223 780 348 844 dicendi
382 800 485 864 genus
518 778 783 861 deliberationes,
816 777 904 842 aliud
937 776 1158 861 laudationes,
1190 777 1277 842 aliud
1344 859 1347 863 ⁴

102 869 234 951 iudicia3
254 867 340 932 aliud
360 888 534 950 sermones,
553 866 641 931 aliud
659 866 849 949 consolatio,
869 865 958 929 aliud
973 865 1169 951 obiurgatio,
1188 866 1276 930 alind

103 955 291 1042 disputatio,
314 955 401 1020 aliud
424 955 564 1021 historia
587 954 758 1020 desiderat.
803 953 916 1018 Refert
939 954 1037 1019 etiam
1058 954 1114 1038 qui
1133 954 1277 1039 audiant,

105 1049 237 1110 senatus
261 1067 303 1108 an
321 1045 461 1129 populus
481 1066 522 1108 an
541 1043 679 1127 iudices3
702 1044 887 1127 frequentes
907 1064 950 1107 an
967 1043 1064 1126 pauci
1083 1065 1125 1108 an
1145 1043 1276 1128 singuli,

105 1138 138 1198 61
157 1134 281 1219 quales3
305 1133 432 1217 ipsique
453 1135 598 1198 oratores
618 1154 682 1216 qua
701 1133 768 1197 sint
787 1136 904 1218 aetate,
921 1132 1054 1216 honore,
1073 1132 1278 1216 auctoritate,

104 1223 201 1287 debet
220 1220 337 1305 videri,
357 1226 496 1306 tempus,
514 1221 604 1306 pacis
623 1243 666 1285 an
678 1221 768 1304 belli,
781 1219 1001 1286 festinationis
1016 1242 1057 1284 an
1072 1220 1139 1285 otii.
1162 1218 1278 1304 Itaque
1288 1232 1340 1280 212

102 1312 164 1376 hoo
194 1311 267 1376 loco
291 1311 375 1375 nihil
400 1332 476 1375 sane
500 1314 550 1374 est
573 1309 658 1392 quod
680 1310 826 1393 praecipi
848 1331 944 1393 posse
966 1309 1127 1390 videatur,
1154 1308 1218 1372 nisi
1242 1311 1279 1373 ut

64 1424 90 1463 12
104 1402 244 1484 figuram
263 1399 419 1464 orationis
439 1397 597 1482 plenioris
617 1401 651 1463 et
669 1398 827 1462 tenuioris
847 1402 880 1463 et
898 1398 977 1462 item
996 1397 1086 1463 illius
1106 1397 1277 1462 mediocris

102 1489 212 1571 adid,
237 1488 323 1574 quod
348 1509 495 1573 agemus,
526 1485 804 1552 accommodatam
828 1487 1021 1571 deligamus.
1067 1485 1278 1552 Ornamentis

62 1601 88 1639 14
102 1577 224 1642 eisdem
243 1577 292 1641 uti
311 1576 378 1641 fere
396 1575 507 1641 licebit
526 1575 607 1640 alias
626 1575 819 1654 contentius,
839 1576 921 1640 alias
936 1575 1153 1656 summissius;
1175 1575 1279 1639 omni-

103 1666 220 1752 quein
243 1687 279 1730 re
302 1687 397 1749 posse
420 1664 506 1749 quod
530 1663 641 1728 deceat
664 1664 770 1728 facere
794 1665 875 1728 artis
899 1667 932 1728 et
954 1667 1089 1728 naturae
1114 1666 1172 1746 est,
1196 1663 1278 1727 seire

62 1754 181 1839 mquid
206 1754 397 1839 quandoque
420 1754 532 1818 deceat
553 1753 753 1838 prudentiae.

63 1867 88 1905 ri
195 1841 257 1907 Sed
276 1843 484 1907 haecomnia
502 1842 638 1925 perinde
658 1845 743 1925 sunt,
767 1845 804 1906 ut
822 1844 973 1927 aguntur.
1010 1840 1117 1924 Actio,
1134 1841 1279 1925 inquam,
1287 1840 1325 1896 56
1334 1843 1386 1894 213

63 1955 88 1994 ra
102 1933 138 1995 in
167 1931 301 1996 dicendo
330 1952 395 1994 una
423 1931 617 1994 dominatur.
664 1928 740 1994 Sine
763 1930 823 1995 hac
847 1951 993 1995 summus
1017 1933 1128 1996 orator
1150 1950 1220 1994 esse
1242 1929 1277 1993 in

103 2040 238 2084 numero
261 2019 354 2083 nullo
379 2023 500 2102 potest,
525 2018 696 2083 mediocris
719 2019 782 2085 hae
805 2021 986 2085 instructus
1011 2040 1155 2084 summos
1180 2039 1277 2103 saepe

62 2130 89 2170 so
103 2129 264 2191 superare.
309 2106 395 2172 Huic
418 2109 539 2191 primas
563 2106 689 2171 dedisse
713 2106 950 2173 Demosthenes
974 2108 1106 2191 dieitur,
1129 2131 1202 2173 oum
1226 2129 1277 2173 ro·

103 2199 237 2281 geretur
266 2196 343 2281 quid
375 2197 409 2260 in
438 2195 573 2261 dicendo
602 2200 688 2260 esset
714 2199 869 2282 primum,
901 2197 976 2261 huic
1005 2196 1175 2279 secundas,
1203 2197 1277 2260 huic

103 2287 230 2350 tertias.
278 2285 348 2362 Quo
373 2286 454 2350 mihi
477 2285 592 2351 melius
617 2286 715 2349 etiam
739 2286 819 2350 illud
843 2287 884 2350 ab
904 2285 1067 2349 Aeschine
1090 2284 1211 2348 dietum
1231 2285 1277 2349 vi·

103 2374 171 2438 deri
190 2374 288 2456 solet3
308 2374 362 2458 qui
382 2396 454 2439 cum
472 2377 606 2458 propter
620 2374 834 2460 ignominiam
849 2372 960 2437 iudicii
975 2373 1127 2436 cessisset
1140 2371 1278 2436 Athenis

103 2467 136 2526 et
156 2483 190 2525 se
210 2462 361 2526 Rhodum
381 2464 581 2542 contulisset,
600 2465 736 2547 rogatus
756 2484 776 2525 a
790 2460 927 2525 Rhodiis
946 2461 1066 2545 legisse
1085 2459 1190 2525 fertur
1208 2482 1279 2525 ora·

102 2652 203 2704 borum
231 2666 333 2719 genere
360 2650 523 2704 tractandus
551 2655 593 2705 est
617 2654 666 2706 aut
719 2651 826 2721 gaudet
861 2652 941 2706 dolet
970 2651 1045 2707 ridet
1075 2653 1171 2722 plorat
1201 2651 1280 2708 favet

104 2722 321 2789 sententiarum,
346 2737 510 2789 semperque
534 2722 563 2775 in
587 2723 666 2776 omni
720 2721 781 2776 odit
808 2723 875 2790 ete.;
903 2724 974 2777 haee
1001 2722 1117 2793 perinde
1140 2723 1280 2793 accidunt,

103 2795 185 2862 perte
204 2791 349 2859 orationis,
368 2793 400 2845 ut
418 2789 508 2858 vitae,
528 2790 597 2859 qnid
616 2793 664 2847 de·
718 2794 751 2845 ut
770 2808 866 2846 eorum
881 2792 930 2861 qui
943 2793 1049 2849 adsunt
1063 2799 1171 2850 mentes
1186 2794 1280 2850 verbis

102 2865 166 2919 ceat
193 2863 427 2919 considerandum
455 2865 510 2929 est3
539 2862 614 2931 quod
638 2864 667 2917 et
719 2864 749 2917 et
768 2863 915 2918 sententiis
935 2868 963 2919 et
982 2863 1094 2920 actione
1113 2867 1280 2920 tractantur.

102 2935 132 2989 in
150 2953 194 3007 re,
214 2936 248 2989 de
268 2952 325 3002 que
344 2934 451 3003 agitur,
471 2934 595 3003 positum
614 2936 665 3001 est,
720 2934 782 2987 Ter.
802 2935 933 2990 heauton.
970 2934 1022 3002 12,
1037 2950 1063 2988 ar
1077 2935 1212 3004 parentis,
1231 2952 1280 3005 pe.-

103 3007 324 3077 etinpersonis,
340 3007 481 3061 eteorum
496 3005 545 3074 qni
560 3004 665 3073 dicunt,
718 3004 803 3059 triam
828 3005 1010 3073 incolumem,
1039 3007 1157 3075 amicos,
1183 3008 1280 3076 genus,

104 3080 133 3133 61
152 3095 246 3133 eorum
267 3077 315 3145 qui
334 3077 461 3131 andiunt.
499 3092 547 3133 ras.
720 3077 866 3144 cognatos,
880 3075 1004 3132 divitias.
1031 3076 1125 3146 Atque
1139 3079 1281 3148 hacoper-

140 3152 182 3202 12.
201 3151 337 3205 orationis
350 3149 496 3218 plenioris,
515 3163 561 3203 199.
719 3147 785 3201 inde
801 3149 873 3217 sunt,
892 3150 925 3202 ut
938 3148 1029 3203 illinet
1043 3151 1161 3217 animus,
1184 3149 1233 3219 qui
1248 3165 1281 3204 66

141 3225 182 3273 14.
215 3221 383 3288 soumarias,
411 3222 550 3289 erregter,
578 3219 664 3274 naeh-
719 3218 857 3288 persidet:
876 3218 930 3284 Qui
949 3222 991 3274 uti
1008 3222 1067 3289 scit,
1088 3221 1115 3275 ei
1128 3219 1208 3275 boni:
1228 3220 1280 3290 ssli,

104 3289 289 3345 drticlrlieher.
719 3290 842 3359 quinon
860 3290 951 3346 sititur
968 3294 1058 3360 reete,
1078 3293 1163 3346 mala.

138 3363 322 3427 summissius,
347 3363 476 3433 ruhiger,
495 3360 663 3432 gelassener.
683 3367 687 3374 '
756 3362 845 3416 1616
858 3364 1118 3432 comacendare.
1146 3362 1280 3418 Brutus

104 3431 150 3487 Or.
172 3446 199 3487 ss
222 3432 347 3501 itemque
371 3433 396 3485 si
419 3449 491 3502 quae
514 3432 664 3487 verborum
719 3428 750 3494 Q.
769 3430 866 3486 Aelius
886 3433 996 3488 Tubero
1015 3463 1049 3475 -
1069 3433 1147 3489 nullo
1170 3434 1200 3488 in
1220 3450 1280 3488 ora·

103 3502 268 3558 iterationes
283 3503 492 3558 contentionem
503 3502 627 3570 aliquam
636 3503 665 3556 et
718 3503 812 3556 torum
829 3521 953 3570 numero,
969 3505 1017 3558 sed
1031 3504 1091 3559 vita
1101 3521 1214 3560 severus
1225 3503 1279 3573 (als

104 3574 255 3628 clamorem
273 3574 430 3642 requirent,
455 3575 537 3628 erunt
555 3572 591 3627 ab
611 3573 665 3627 hac
718 3572 830 3627 Redner
850 3573 1065 3644 unhedeutend).

104 3644 289 3698 submissione
310 3643 445 3698 orationis
465 3643 584 3697 ahenas.
755 3648 797 3698 20.
813 3644 891 3699 Huic
894 3646 1005 3713 primas
1014 3647 1119 3701 dedisse
1128 3648 1181 3701 ete.
1200 3645 1279 3702 Brut.

140 3715 372 3783 inprudentiae,
390 3712 665 3783 praktischerTalrt.
719 3729 758 3769 rra
772 3714 803 3768 in
816 3715 940 3770 Antonio
954 3715 1029 3772 actio
1043 3715 1194 3785 singularis
1207 3719 1281 3771 -ut
1311 3749 1314 3756 ·

103 3784 238 3839 Derselhc
249 3782 407 3854 Gegensatz
422 3802 479 3840 von
492 3786 594 3838 natura
608 3785 665 3838 und
718 3802 815 3839 verum
834 3785 976 3841 videretur
993 3787 1024 3842 in
1037 3789 1091 3842 hoc
1104 3787 1185 3857 illud,
1205 3787 1280 3856 quod

102 3854 347 3924 prudentiaII1m3
358 3871 397 3912 eor
407 3873 432 3911 a.
443 3856 474 3911 n.
484 3855 542 3910 und
552 3870 592 3910 sos
602 3855 664 3911 nh
719 3855 938 3912 Demosthenem
957 3858 1051 3915 ferunt
1070 3859 1110 3928 ei,
1130 3859 1178 3928 qui
1196 3874 1281 3928 quae·

139 3924 208 3981 Aur
224 3926 278 3982 die
293 3927 455 3982 Elocutio
474 3927 566 3996 folgt
585 3925 665 3980 end·
721 3924 846 3996 sivisset,
869 3928 939 3997 quid
956 3930 1079 3999 primum
1098 3933 1174 3985 esset
1191 3930 1221 3984 in
1240 3928 1280 3983 di-

104 3996 177 4053 lich
200 3999 250 4052 als
275 4000 334 4054 der
351 4000 460 4053 letata
479 3996 666 4067 Hauptteil
720 3997 821 4066 cendo,
845 3998 1000 4071 actionem,
1024 4001 1092 4071 qnid
1119 4001 1280 4068 seeundum,

103 4069 163 4124 der
181 4071 361 4140 gesamten
375 4069 545 4124 Rhetorik
558 4067 590 4122 B.
611 4068 665 4124 die
719 4068 795 4123 idem
819 4071 848 4125 et
865 4069 941 4126 idem
959 4072 1076 4127 tertium
1094 4071 1279 4141 respondisse.

104 4143 195 4198 aetio
210 4159 233 4196 e.
249 4148 292 4209 66,
307 4147 436 4208 ara—59,
451 4156 499 4196 aas.
719 4139 806 4194 Nulla
820 4157 864 4196 res
878 4143 969 4212 magis
982 4147 1115 4212 penetrat
1127 4144 1156 4197 in
1171 4141 1281 4199 animos

140 4217 182 4268 17.
201 4215 266 4268 hoec
284 4215 387 4282 omnia,
406 4212 475 4267 alles
495 4229 553 4267 was
571 4212 666 4266 bisher
720 4226 824 4279 eosque
838 4213 929 4282 fingit,
947 4213 1060 4283 format,
1078 4213 1176 4282 flectit,
1194 4213 1281 4267 tales-

104 4282 173 4336 fiher
200 4284 251 4338 das
277 4286 373 4338 ornate
397 4283 456 4337 und
481 4283 548 4352 apte
571 4281 664 4338 dicere
720 4298 774 4350 que
800 4284 925 4338 oratores
953 4285 1043 4339 videri
1069 4284 1150 4352 facit,
1183 4287 1280 4352 quales

104 4355 204 4421 gesagt
222 4354 266 4407 ist.
718 4352 728 4405 i
750 4350 774 4404 si
790 4369 820 4408 se
834 4353 1043 4410 viderivolunt.
1069 4354 1114 4412 Or.
1125 4370 1160 4414 sa.
1185 4355 1279 4423 Quint.

136 4424 334 4491 periodorum.
353 4422 431 4478 Brut.
439 4439 478 4479 res
486 4423 662 4494 (multitudo)
772 4428 797 4491 3,
812 4440 832 4479 e.
