2842 4778
104 229 171 294 456
438 227 487 282 un
508 227 680 284 ossroan
699 227 739 280 111
758 233 801 295 ar,
818 240 941 282 las-125.

106 392 146 456 ab
171 391 291 454 eisdem
314 390 353 454 de
377 390 517 473 iustitia,
540 391 579 454 de
603 390 725 472 officio,
749 388 787 452 de
811 388 999 453 civitatibus
1021 387 1232 453 instituendis
1255 392 1323 454 etr

106 479 270 563 regendis,
299 478 337 541 de
361 479 449 543 omni
472 479 613 559 vivendi,
643 479 781 562 denique
806 477 904 541 etiam
933 475 972 541 de
995 480 1133 541 naturae
1159 477 1318 543 rationes

54 585 105 632 123
119 567 278 632 dicuntur.
316 566 405 642 Quae
424 568 578 650 quoniam
601 567 666 631 iam
691 565 821 630 aliunde
840 587 906 630 non
924 586 1108 649 possumus,
1131 565 1291 632 sumenda

108 659 184 720 sunt
217 655 311 719 nobis
339 656 380 719 ab
408 657 454 719 eis
482 656 576 739 ipsis,
604 678 623 719 a
651 655 769 740 quibus
798 654 933 737 expilati
961 675 1085 736 sumus,
1114 654 1291 720 dummodo

110 744 168 808 illa
188 744 330 808 adhunc
354 744 482 808 civilem
505 744 684 826 scientiam,
708 765 772 827 quo
795 743 962 825 pertinent
983 746 1017 806 et
1039 763 1136 826 quam
1160 743 1291 807 intuen-
1305 764 1326 805 s-

109 838 173 915 tur,
195 833 442 916 transferamus,
465 854 578 918 neque,
602 836 639 896 ut
662 836 739 896 ante
763 831 838 912 dixi,
861 852 990 896 omnem
1011 834 1155 895 teramus
1179 831 1215 894 in
1237 831 1320 896 hiso

110 921 271 985 discendis
294 922 391 986 rebus
416 925 572 1004 aetatem3
600 920 655 985 sed
679 942 752 985 cum
775 920 883 984 fontes
906 919 1096 1003 viderimus,
1119 940 1201 1003 quos
1225 920 1318 984 nisis

111 1011 167 1093 qui
190 1010 337 1074 celeriter
360 1013 523 1094 cognorit,
547 1030 724 1093 numquam
748 1013 923 1092 cognoscet
946 1008 1088 1090 omnino,
1111 1012 1190 1091 tum,
1214 1030 1293 1092 quo·

110 1099 311 1181 tiescumque
334 1120 415 1182 opus
439 1099 510 1180 erit,
533 1120 572 1162 ex
595 1098 641 1161 eis
665 1100 808 1181 tantum,
832 1099 988 1180 quantum
1012 1117 1064 1160 res
1087 1100 1186 1181 petet,
1208 1097 1292 1161 hau-

61 1203 112 1251 124
123 1188 252 1251 riemus.
297 1185 384 1251 Nam
410 1208 514 1270 neque
537 1192 605 1250 tarn
629 1189 679 1250 est
702 1186 784 1251 acris
809 1185 893 1249 acies
916 1186 950 1248 in
973 1185 1098 1249 naturis
1121 1184 1293 1249 hominum

110 1279 143 1338 et
160 1275 309 1360 ingeniis,
327 1278 365 1339 ut
382 1296 434 1338 res
449 1280 558 1339 tantas
573 1276 745 1359 quisquam
759 1274 823 1338 nisi
838 1277 1039 1338 monstratas
1053 1273 1157 1357 possit
1171 1273 1291 1357 videre,

109 1385 214 1447 neque
242 1367 337 1427 tanta
364 1366 474 1427 tamen
502 1364 536 1427 in
564 1364 660 1428 rebus
689 1363 885 1444 obscuritas,
917 1367 956 1426 ut
984 1384 1038 1427 eas
1066 1383 1132 1426 non
1159 1363 1290 1445 penitus

111 1453 177 1515 acri
200 1452 250 1515 vir
272 1451 404 1536 ingenio
426 1457 544 1535 cernat,
568 1454 596 1517 si
615 1452 712 1516 modo
731 1453 902 1536 aspexerit.
934 1449 974 1514 In
993 1452 1055 1516 hoc
1073 1450 1175 1534 igitur
1193 1453 1289 1516 tanto

110 1543 178 1603 tam
202 1540 425 1625 immensoque
450 1562 565 1626 campo
590 1563 662 1605 cum
681 1541 779 1606 liceat
798 1540 920 1604 oratori
940 1540 1171 1623 vagarilibere
1191 1541 1291 1624 atque

110 1629 304 1712 ubicumque
323 1630 514 1710 constiterit,
533 1631 709 1695 consistere
728 1630 763 1692 in
778 1650 846 1711 suo,
864 1629 960 1693 facile
980 1627 1167 1711 suppeditat
1181 1628 1289 1692 omnis
1305 1651 1340 1692 rs·

61 1723 299 1802 125apparatus
326 1722 525 1802 ornatusque
548 1719 683 1783 dicendi.
727 1717 848 1781 Rerum
879 1717 964 1780 enim
994 1716 1088 1800 copia
1115 1716 1289 1781 verborum
1306 1740 1339 1780 ro-

110 1807 238 1890 copiam
267 1807 389 1890 gignit3
418 1810 464 1890 et,
494 1809 522 1870 si
546 1810 595 1870 est
617 1806 772 1870 honestas
800 1805 834 1869 in
857 1806 955 1869 rebus
982 1805 1077 1888 ipsis,
1105 1804 1143 1868 de
1170 1805 1289 1888 quibus
1305 1829 1331 1869 rr

112 1895 238 1976 dicitur,
262 1895 389 1958 exsistit
412 1917 450 1958 ex
474 1916 509 1958 re
532 1895 690 1958 naturalis
709 1894 840 1977 quidam
859 1893 1013 1977 splendor
1030 1893 1065 1956 in
1084 1893 1202 1957 verbis.
1239 1890 1331 1957 Sitis

111 1981 208 2046 modo
223 1983 262 2063 is,
280 1983 335 2064 qui
350 1981 435 2045 dicet
450 1985 508 2046 aut
521 1982 650 2065 scribet,
669 1986 703 2047 et
716 1983 888 2046 institutus
902 1982 1080 2046 liberaliter
1099 1981 1288 2046 educatione

111 2069 322 2152 doctrinaque
340 2069 458 2152 puerili
477 2073 511 2133 et
528 2070 646 2154 flagret
665 2070 772 2135 studio
792 2075 826 2134 et
845 2093 864 2134 a
881 2075 999 2134 natura
1019 2070 1187 2134 adiuvetur
1206 2073 1239 2133 et
1253 2069 1288 2134 in
1302 2095 1337 2134 ao

110 2157 334 2222 universorum
349 2178 503 2242 generum
517 2158 652 2223 infinitis
667 2159 958 2242 disceptationibus
978 2158 1174 2223 exercitatus
1193 2180 1286 2223 orna·

110 2246 256 2311 tissimos
271 2247 446 2330 scriptores
465 2250 674 2331 oratoresque
690 2247 729 2311 ad
749 2247 1008 2330 cognoscendum
1028 2246 1288 2331 imitandumque

111 2335 282 2419 delegerit,
309 2356 350 2399 ne
377 2335 432 2399 ille
460 2336 547 2400 haud
576 2358 666 2420 sane,
697 2335 966 2420 quemadmodum
994 2335 1093 2400 verba
1123 2338 1229 2400 struat
1257 2339 1290 2399 et

111 2472 168 2527 dall
197 2473 242 2527 die
275 2473 464 2542 allgemeinen
494 2475 670 2545 philosophi·
725 2473 771 2529 die
798 2474 867 2544 phil.
896 2473 1106 2544 Erorterungen
1133 2474 1207 2528 doch
1239 2473 1291 2528 anf

111 2544 314 2613 schenFragen
328 2546 383 2599 den
396 2542 488 2613 ῥήτωρ
503 2546 545 2601 als
556 2545 671 2602 solchen
725 2546 775 2600 das
794 2545 890 2601 Leben
910 2544 1064 2600 einwirken
1082 2544 1193 2600 vollen.

110 2615 205 2669 nichts
226 2616 375 2683 angtngen,
394 2633 453 2670 was
472 2616 540 2672 aber
558 2617 670 2671 unrich-
762 2623 786 2672 6.
806 2624 879 2685 aute,
898 2616 957 2672 ssff.

110 2683 155 2755 tig
176 2684 224 2740 ist.
261 2684 317 2741 Oio.
336 2685 395 2740 will
419 2702 519 2756 sager,
544 2685 600 2743 dall
624 2687 670 2742 die
763 2693 787 2741 ⁷.
806 2690 904 2756 fontes,
922 2688 935 2740 Ι
953 2703 1007 2755 aos;
1025 2687 1052 2740 Π
1069 2703 1122 2753 11'13
1142 2701 1190 2741 ris.

111 2759 273 2825 genennten
301 2756 389 2813 Stoffe
418 2758 570 2829 cigentlieh
598 2759 671 2814 auch
761 2776 828 2828 quos
846 2763 904 2814 uisi
922 2761 984 2826 eto,
1003 2774 1037 2813 aa.

111 2828 253 2883 rhetorica
272 2847 305 2882 zu
323 2845 433 2883 nennen
452 2836 553 2884 wtren.
763 2837 804 2885 15.
831 2831 1003 2900 suppeditat,
1028 2827 1134 2883 medial
1155 2826 1194 2882 im
1219 2827 1288 2882 Sinn

149 2905 173 2952 1.
197 2902 229 2954 de
247 2901 357 2954 iustitia
376 2901 443 2967 etc,
461 2901 491 2954 in
511 2900 561 2955 der
575 2899 672 2970 Ethilr,
727 2918 783 2955 von
802 2903 929 2970 suppetit
946 2901 1018 2970 (rsa),
1036 2899 1090 2953 wie
1109 2897 1144 2953 de
1164 2897 1210 2952 off.
1230 2897 1289 2953 Ira

111 2967 217 3024 Politik
235 2971 293 3023 und
311 2969 426 3038 Physik,
446 2987 495 3025 rar.
727 2972 839 3025 studeat
848 2988 948 3040 parare
962 2987 1005 3039 ea,
1020 2984 1091 3039 quae
1105 2968 1289 3039 suppeditent

147 3046 171 3093 2.
196 3042 311 3108 denique
332 3042 428 3106 etiam,
452 3041 594 3108 steigernd
608 3042 672 3107 (wie
726 3045 756 3096 st
774 3041 810 3095 ad
829 3041 937 3094 cultum
956 3046 986 3094 et
1004 3042 1042 3095 ad
1060 3041 1175 3095 victum.

111 3106 156 3162 Or.
177 3112 239 3177 2203
265 3110 337 3162 denn
356 3110 401 3162 die
425 3109 671 3180 metaphysisehen
763 3118 805 3166 16.
825 3119 988 3181 apparatus,
1006 3127 1040 3166 aa.

110 3176 220 3247 Fragen
235 3177 328 3246 liegen
343 3179 407 3232 dem
421 3180 532 3234 Redner
549 3197 583 3236 so
597 3183 670 3235 nahe
760 3199 852 3237 reram
865 3185 946 3250 copia
960 3185 1013 3239 etc.
1033 3183 1098 3252 Vgl.
1113 3181 1127 3234 I
1140 3198 1179 3246 ²⁰3
1197 3181 1225 3235 II
1239 3196 1289 3236 rso.

110 3247 164 3302 wie
183 3248 229 3301 die
249 3248 396 3303 ethischen
419 3248 572 3320 allerdings
591 3251 671 3306 nicht
763 3258 805 3307 17.
823 3254 962 3320 honestas,
980 3253 1135 3308 innerliohe
1153 3251 1287 3308 Vortreff-

111 3317 135 3385 (Ι
163 3322 212 3384 ss);
254 3318 322 3373 aber
357 3318 443 3375 doch:
481 3321 549 3388 quid
581 3323 673 3376 dicam
728 3322 856 3390 lichlreit,
871 3324 917 3379 ein
931 3325 1009 3379 edler
1020 3323 1123 3378 Inhalt.
1144 3323 1208 3392 Vgl.
1219 3323 1288 3378 Hor.

111 3389 146 3443 de
173 3393 275 3444 natura
303 3404 409 3457 rerum,
440 3391 519 3446 ouius
549 3393 672 3462 cognitio
728 3396 760 3449 Δ.
771 3395 800 3450 Ρ.
812 3395 898 3449 suff.
916 3395 1064 3464 Verbaque
1073 3393 1217 3464 provisam
1226 3411 1287 3449 rem

110 3476 244 3541 magnam
272 3459 407 3515 orationis
438 3463 600 3532 suppeditat
628 3481 672 3519 co·
726 3482 784 3522 non
801 3465 892 3521 invita
911 3469 1063 3535 sequentur
1081 3467 1134 3521 etc.

112 3548 189 3600 pram
210 3533 255 3586 Or.
272 3548 305 3587 rs.
764 3542 806 3592 18.
821 3555 854 3592 ex
867 3555 897 3592 re
909 3539 1059 3605 naturalia,
1073 3536 1170 3592 besser
1184 3536 1226 3589 als
1242 3535 1287 3590 die

147 3609 171 3657 5.
205 3605 242 3658 ad
273 3605 346 3658 bunc
381 3605 487 3660 mollem
519 3607 672 3671 scientium,
726 3606 934 3678 Vulgatlesart:
949 3627 982 3663 ex
992 3609 1033 3663 rei
1043 3610 1152 3662 natura.
1171 3606 1289 3663 Brutus

111 3672 185 3728 Einl.
209 3674 236 3727 II
259 3680 273 3740 5
299 3681 327 3740 1,
346 3691 372 3743 ες
405 3675 455 3730 der
482 3675 594 3731 Redner
621 3679 673 3731 hat
727 3694 809 3733 sucus
836 3678 886 3734 ille
913 3680 942 3734 et
969 3679 1083 3749 sanguis
1108 3679 1287 3745 incorruptus

111 3744 396 3815 nichtPhilosophen
411 3747 477 3801 oder
491 3747 623 3802 Gelshrte
638 3766 672 3802 zu
726 3766 815 3819 usque
838 3751 875 3804 ad
897 3752 971 3806 hano
995 3753 1118 3804 aetatem
1144 3750 1287 3803 oratorum

112 3817 216 3871 seinem
236 3816 389 3872 Publilium
412 3820 470 3871 und
492 3816 561 3871 muss
584 3820 672 3874 daher
725 3819 793 3888 fnit,
811 3820 841 3875 in
860 3839 917 3889 qua
934 3821 1075 3876 naturalis
1092 3819 1212 3886 inesset,
1230 3833 1288 3873 non

111 3885 157 3942 die
182 3887 232 3941 der
249 3886 431 3956 Philosophie
455 3890 672 3944 entnommenen
725 3892 838 3946 fucatus
856 3894 938 3946 nitor.

111 3957 198 4012 Stoffe
231 3958 281 4013 der
312 3958 490 4026 abstrakten,
525 3961 672 4031 gelehrten
761 3979 796 4017 es
804 3980 842 4027 re,
856 3980 904 4015 um
915 3961 970 4015 den
979 3961 1138 4030 Gegensata
1148 3959 1286 4015 awischen

111 4028 196 4083 Form
220 4029 382 4084 entkleiden
407 4031 464 4083 und
488 4031 541 4085 mit
565 4032 671 4086 seinem
725 4049 770 4087 res
793 4032 851 4086 und
873 4033 960 4086 verba
979 4032 1088 4086 ‘Inhalt
1111 4032 1170 4086 und
1187 4031 1286 4086 Form'

110 4099 267 4155 konkreten
295 4103 450 4172 popul'drsn
474 4101 586 4157 Wissen
609 4119 671 4157 ver·
726 4103 822 4158 scharf
847 4102 1084 4157 hervorauheben.
1120 4119 1160 4170 1⁹3
1185 4119 1224 4158 rsa
1241 4102 1288 4158 cui

110 4169 232 4225 mitteln.
726 4191 770 4228 res
783 4188 840 4227 non
855 4175 995 4241 suppetat,
1015 4175 1102 4229 verba
1115 4190 1172 4229 non
1187 4174 1287 4229 desint.

146 4257 199 4308 quo
218 4245 358 4309 pertineat
375 4248 400 4297 et
417 4260 500 4313 qaam
518 4244 671 4313 intucatur,
726 4245 783 4300 Iso
802 4243 888 4297 sires
909 4260 965 4299 non
984 4243 1082 4298 subest
1100 4247 1163 4314 etc,
1184 4245 1240 4315 vgl.
1259 4243 1286 4297 11

109 4312 220 4364 woraui
253 4313 406 4382 eigentlich
442 4313 487 4368 ihr
518 4314 577 4369 Ziel
613 4317 672 4370 und
727 4332 773 4371 ua.

94 4381 286 4447 Augsnmerlr
305 4385 452 4454 gerichtet
473 4384 525 4457 ist,
546 4386 672 4443 insofem
762 4385 1068 4455 20.dootrisaetc.,1o;
1082 4386 1288 4458 dimisso.
